%YAML 1.1
%TAG !u! tag:unity3d.com,2011:
--- !u!1 &100000
GameObject:
  m_ObjectHideFlags: 0
  m_PrefabParentObject: {fileID: 0}
  m_PrefabInternal: {fileID: 100100000}
  serializedVersion: 4
  m_Component:
  - 4: {fileID: 400000}
  - 212: {fileID: 21200000}
  - 95: {fileID: 9500000}
  - 61: {fileID: 6100000}
  - 114: {fileID: 11400000}
  m_Layer: 0
  m_Name: Ray
  m_TagString: Laser
  m_Icon: {fileID: 0}
  m_NavMeshLayer: 0
  m_StaticEditorFlags: 0
  m_IsActive: 1
--- !u!1 &100002
GameObject:
  m_ObjectHideFlags: 0
  m_PrefabParentObject: {fileID: 0}
  m_PrefabInternal: {fileID: 100100000}
  serializedVersion: 4
  m_Component:
  - 4: {fileID: 400002}
  - 120: {fileID: 12000000}
  m_Layer: 0
  m_Name: Laser2
  m_TagString: Untagged
  m_Icon: {fileID: 0}
  m_NavMeshLayer: 0
  m_StaticEditorFlags: 0
  m_IsActive: 1
--- !u!1 &100004
GameObject:
  m_ObjectHideFlags: 0
  m_PrefabParentObject: {fileID: 0}
  m_PrefabInternal: {fileID: 100100000}
  serializedVersion: 4
  m_Component:
  - 4: {fileID: 400004}
  - 120: {fileID: 12000002}
  m_Layer: 0
  m_Name: Laser1
  m_TagString: Untagged
  m_Icon: {fileID: 0}
  m_NavMeshLayer: 0
  m_StaticEditorFlags: 0
  m_IsActive: 1
--- !u!4 &400000
Transform:
  m_ObjectHideFlags: 1
  m_PrefabParentObject: {fileID: 0}
  m_PrefabInternal: {fileID: 100100000}
  m_GameObject: {fileID: 100000}
  m_LocalRotation: {x: 0, y: 0, z: 0, w: 1}
  m_LocalPosition: {x: 0, y: 0, z: -.5}
  m_LocalScale: {x: 1, y: 1, z: 1}
  m_Children:
  - {fileID: 400004}
  - {fileID: 400002}
  m_Father: {fileID: 0}
  m_RootMapOrder: 0
--- !u!4 &400002
Transform:
  m_ObjectHideFlags: 1
  m_PrefabParentObject: {fileID: 0}
  m_PrefabInternal: {fileID: 100100000}
  m_GameObject: {fileID: 100002}
  m_LocalRotation: {x: 0, y: 0, z: 0, w: 1}
  m_LocalPosition: {x: 0, y: 0, z: 0}
  m_LocalScale: {x: 1, y: 1, z: 1}
  m_Children: []
  m_Father: {fileID: 400000}
  m_RootMapOrder: 0
--- !u!4 &400004
Transform:
  m_ObjectHideFlags: 1
  m_PrefabParentObject: {fileID: 0}
  m_PrefabInternal: {fileID: 100100000}
  m_GameObject: {fileID: 100004}
  m_LocalRotation: {x: 0, y: 0, z: 0, w: 1}
  m_LocalPosition: {x: 0, y: 0, z: 0}
  m_LocalScale: {x: 1, y: 1, z: 1}
  m_Children: []
  m_Father: {fileID: 400000}
  m_RootMapOrder: 0
--- !u!61 &6100000
BoxCollider2D:
  m_ObjectHideFlags: 1
  m_PrefabParentObject: {fileID: 0}
  m_PrefabInternal: {fileID: 100100000}
  m_GameObject: {fileID: 100000}
  m_Enabled: 1
  m_Material: {fileID: 0}
  m_IsTrigger: 0
  m_Size: {x: 1, y: 9.63000011}
  m_Center: {x: 0, y: 0}
--- !u!95 &9500000
Animator:
  serializedVersion: 3
  m_ObjectHideFlags: 1
  m_PrefabParentObject: {fileID: 0}
  m_PrefabInternal: {fileID: 100100000}
  m_GameObject: {fileID: 100000}
  m_Enabled: 1
  m_Avatar: {fileID: 0}
  m_Controller: {fileID: 9100000, guid: eff96ee72efc66341a2b709a4dbaeec3, type: 2}
  m_CullingMode: 0
  m_UpdateMode: 0
  m_ApplyRootMotion: 0
  m_HasTransformHierarchy: 1
--- !u!114 &11400000
MonoBehaviour:
  m_ObjectHideFlags: 1
  m_PrefabParentObject: {fileID: 0}
  m_PrefabInternal: {fileID: 100100000}
  m_GameObject: {fileID: 100000}
  m_Enabled: 1
  m_EditorHideFlags: 0
  m_Script: {fileID: 11500000, guid: 9010763e51a56b04cb59c091cc30d28c, type: 3}
  m_Name: 
  m_EditorClassIdentifier: 
  lineRenderer1: {fileID: 12000002}
  lineRenderer2: {fileID: 12000000}
--- !u!120 &12000000
LineRenderer:
  m_ObjectHideFlags: 1
  m_PrefabParentObject: {fileID: 0}
  m_PrefabInternal: {fileID: 100100000}
  m_GameObject: {fileID: 100002}
  m_Enabled: 1
  m_CastShadows: 0
  m_ReceiveShadows: 0
  m_LightmapIndex: 255
  m_LightmapTilingOffset: {x: 1, y: 1, z: 0, w: 0}
  m_Materials:
  - {fileID: 2100000, guid: 4cb9e75f760a4d04f90789e07a2c41a1, type: 2}
  m_SubsetIndices: 
  m_StaticBatchRoot: {fileID: 0}
  m_UseLightProbes: 0
  m_LightProbeAnchor: {fileID: 0}
  m_ScaleInLightmap: 1
  m_SortingLayer: 3
  m_SortingOrder: 0
  m_SortingLayerID: 2834092723
  m_Positions:
  - {x: 0, y: 0, z: 0}
  - {x: 0, y: 0, z: 1}
  m_Parameters:
    startWidth: 3
    endWidth: 5
    m_StartColor:
      serializedVersion: 2
      rgba: 4294967295
    m_EndColor:
      serializedVersion: 2
      rgba: 4278190328
  m_UseWorldSpace: 0
--- !u!120 &12000002
LineRenderer:
  m_ObjectHideFlags: 1
  m_PrefabParentObject: {fileID: 0}
  m_PrefabInternal: {fileID: 100100000}
  m_GameObject: {fileID: 100004}
  m_Enabled: 1
  m_CastShadows: 0
  m_ReceiveShadows: 0
  m_LightmapIndex: 255
  m_LightmapTilingOffset: {x: 1, y: 1, z: 0, w: 0}
  m_Materials:
  - {fileID: 2100000, guid: 4cb9e75f760a4d04f90789e07a2c41a1, type: 2}
  m_SubsetIndices: 
  m_StaticBatchRoot: {fileID: 0}
  m_UseLightProbes: 0
  m_LightProbeAnchor: {fileID: 0}
  m_ScaleInLightmap: 1
  m_SortingLayer: 3
  m_SortingOrder: 0
  m_SortingLayerID: 2834092723
  m_Positions:
  - {x: 0, y: 0, z: 0}
  - {x: 0, y: 0, z: 0}
  m_Parameters:
    startWidth: 3
    endWidth: 5
    m_StartColor:
      serializedVersion: 2
      rgba: 4294967295
    m_EndColor:
      serializedVersion: 2
      rgba: 4278190329
  m_UseWorldSpace: 0
--- !u!212 &21200000
SpriteRenderer:
  m_ObjectHideFlags: 1
  m_PrefabParentObject: {fileID: 0}
  m_PrefabInternal: {fileID: 100100000}
  m_GameObject: {fileID: 100000}
  m_Enabled: 1
  m_CastShadows: 0
  m_ReceiveShadows: 0
  m_LightmapIndex: 255
  m_LightmapTilingOffset: {x: 1, y: 1, z: 0, w: 0}
  m_Materials:
  - {fileID: 10754, guid: 0000000000000000e000000000000000, type: 0}
  m_SubsetIndices: 
  m_StaticBatchRoot: {fileID: 0}
  m_UseLightProbes: 0
  m_LightProbeAnchor: {fileID: 0}
  m_ScaleInLightmap: 1
  m_SortingLayer: 2
  m_SortingOrder: 0
  m_SortingLayerID: 1024582385
  m_Sprite: {fileID: 21300000, guid: 0869617decbf21643be415a28477e1f2, type: 3}
  m_Color: {r: 1, g: 0, b: 0, a: 1}
--- !u!1001 &100100000
Prefab:
  m_ObjectHideFlags: 1
  serializedVersion: 2
  m_Modification:
    m_TransformParent: {fileID: 0}
    m_Modifications: []
    m_RemovedComponents: []
  m_ParentPrefab: {fileID: 0}
  m_RootGameObject: {fileID: 100000}
  m_IsPrefabParent: 1
  m_IsExploded: 1
