%YAML 1.1
%TAG !u! tag:unity3d.com,2011:
--- !u!1 &100000
GameObject:
  m_ObjectHideFlags: 1
  m_PrefabParentObject: {fileID: 0}
  m_PrefabInternal: {fileID: 100100000}
  serializedVersion: 4
  m_Component:
  - 4: {fileID: 400000}
  - 212: {fileID: 21200000}
  m_Layer: 0
  m_Name: c_anim_face_Angry_0000_1
  m_TagString: Untagged
  m_Icon: {fileID: 0}
  m_NavMeshLayer: 0
  m_StaticEditorFlags: 0
  m_IsActive: 1
--- !u!1 &100002
GameObject:
  m_ObjectHideFlags: 0
  m_PrefabParentObject: {fileID: 0}
  m_PrefabInternal: {fileID: 100100000}
  serializedVersion: 4
  m_Component:
  - 4: {fileID: 400002}
  - 212: {fileID: 21200002}
  - 114: {fileID: 11400000}
  m_Layer: 0
  m_Name: Cthulho double Jump_0004_5
  m_TagString: Untagged
  m_Icon: {fileID: 0}
  m_NavMeshLayer: 0
  m_StaticEditorFlags: 0
  m_IsActive: 1
--- !u!1 &100004
GameObject:
  m_ObjectHideFlags: 0
  m_PrefabParentObject: {fileID: 0}
  m_PrefabInternal: {fileID: 100100000}
  serializedVersion: 4
  m_Component:
  - 4: {fileID: 400004}
  - 96: {fileID: 9600000}
  - 114: {fileID: 11400004}
  - 114: {fileID: 11400002}
  m_Layer: 0
  m_Name: Cthulhu
  m_TagString: Untagged
  m_Icon: {fileID: 0}
  m_NavMeshLayer: 0
  m_StaticEditorFlags: 0
  m_IsActive: 1
--- !u!4 &400000
Transform:
  m_ObjectHideFlags: 1
  m_PrefabParentObject: {fileID: 0}
  m_PrefabInternal: {fileID: 100100000}
  m_GameObject: {fileID: 100000}
  m_LocalRotation: {x: 0, y: 0, z: .111111112, w: .111111112}
  m_LocalPosition: {x: -.111111112, y: 2.00118399, z: 0}
  m_LocalScale: {x: 1, y: 1, z: 1}
  m_Children: []
  m_Father: {fileID: 400002}
--- !u!4 &400002
Transform:
  m_ObjectHideFlags: 1
  m_PrefabParentObject: {fileID: 0}
  m_PrefabInternal: {fileID: 100100000}
  m_GameObject: {fileID: 100002}
  m_LocalRotation: {x: 0, y: 0, z: -.111111112, w: .111111112}
  m_LocalPosition: {x: 0, y: -.111111112, z: 0}
  m_LocalScale: {x: .111111112, y: .111111112, z: .111111112}
  m_Children:
  - {fileID: 400000}
  m_Father: {fileID: 400004}
--- !u!4 &400004
Transform:
  m_ObjectHideFlags: 1
  m_PrefabParentObject: {fileID: 0}
  m_PrefabInternal: {fileID: 100100000}
  m_GameObject: {fileID: 100004}
  m_LocalRotation: {x: 0, y: 0, z: 0, w: 1}
  m_LocalPosition: {x: -6.43335772, y: -2.58436465, z: 0}
  m_LocalScale: {x: 1, y: 1, z: 1}
  m_Children:
  - {fileID: 400002}
  m_Father: {fileID: 0}
--- !u!96 &9600000
TrailRenderer:
  m_ObjectHideFlags: 1
  m_PrefabParentObject: {fileID: 0}
  m_PrefabInternal: {fileID: 100100000}
  m_GameObject: {fileID: 100004}
  m_Enabled: 1
  m_CastShadows: 1
  m_ReceiveShadows: 0
  m_LightmapIndex: 255
  m_LightmapTilingOffset: {x: 1, y: 1, z: 0, w: 0}
  m_Materials:
  - {fileID: 17, guid: 9b7a6bd3ad4aadd4c9d8e9dd4f1f1b58, type: 2}
  m_SubsetIndices: 
  m_StaticBatchRoot: {fileID: 0}
  m_UseLightProbes: 0
  m_LightProbeAnchor: {fileID: 0}
  m_ScaleInLightmap: 1
  m_SortingLayer: 0
  m_SortingOrder: 0
  m_SortingLayerID: 0
  m_Time: 1
  m_StartWidth: 1
  m_EndWidth: 1
  m_Colors:
    m_Color[0]:
      serializedVersion: 2
      rgba: 4278246656
    m_Color[1]:
      serializedVersion: 2
      rgba: 4278246656
    m_Color[2]:
      serializedVersion: 2
      rgba: 4278246656
    m_Color[3]:
      serializedVersion: 2
      rgba: 4278219776
    m_Color[4]:
      serializedVersion: 2
      rgba: 29696
  m_MinVertexDistance: .111111112
  m_Autodestruct: 0
--- !u!114 &11400000
MonoBehaviour:
  m_ObjectHideFlags: 1
  m_PrefabParentObject: {fileID: 0}
  m_PrefabInternal: {fileID: 100100000}
  m_GameObject: {fileID: 100002}
  m_Enabled: 1
  m_EditorHideFlags: 0
  m_Script: {fileID: 11500000, guid: 0401554a0e6f9466db3c1a798d358b8c, type: 3}
  m_Name: 
  m_EditorClassIdentifier: 
  tweenName: 
  playAutomatically: 1
  delay: 0
  type: 5
  showIconInInspector: 1
  keys:
  - a
  - delay
  - time
  indexes: 000000000100000002000000
  metadatas:
  - 
  - 
  - 
  ints: 
  floats:
  - 0
  - 2.9000001
  - .111111112
  bools: 
  strings: []
  vector3s: []
  colors: []
  spaces: 
  easeTypes: 
  loopTypes: 
  gameObjects: []
  transforms: []
  audioClips: []
  audioSources: []
  vector3Arrays: []
  transformArrays: []
  paths: []
--- !u!114 &11400002
MonoBehaviour:
  m_ObjectHideFlags: 1
  m_PrefabParentObject: {fileID: 0}
  m_PrefabInternal: {fileID: 100100000}
  m_GameObject: {fileID: 100004}
  m_Enabled: 1
  m_EditorHideFlags: 0
  m_Script: {fileID: 11500000, guid: 0401554a0e6f9466db3c1a798d358b8c, type: 3}
  m_Name: 
  m_EditorClassIdentifier: 
  tweenName: 
  playAutomatically: 1
  delay: 0
  type: 17
  showIconInInspector: 1
  keys:
  - position
  - delay
  - time
  indexes: 000000000000000001000000
  metadatas:
  - v
  - 
  - 
  ints: 
  floats:
  - 3
  - 2
  bools: 
  strings: []
  vector3s:
  - {x: 23, y: 11, z: 0}
  colors: []
  spaces: 
  easeTypes: 
  loopTypes: 
  gameObjects: []
  transforms: []
  audioClips: []
  audioSources: []
  vector3Arrays: []
  transformArrays: []
  paths: []
--- !u!114 &11400004
MonoBehaviour:
  m_ObjectHideFlags: 1
  m_PrefabParentObject: {fileID: 0}
  m_PrefabInternal: {fileID: 100100000}
  m_GameObject: {fileID: 100004}
  m_Enabled: 1
  m_EditorHideFlags: 0
  m_Script: {fileID: 11500000, guid: 38ab3ae3601eb6f47b1e77a650c119c9, type: 3}
  m_Name: 
  m_EditorClassIdentifier: 
  sortingLayerName: Character
--- !u!212 &21200000
SpriteRenderer:
  m_ObjectHideFlags: 1
  m_PrefabParentObject: {fileID: 0}
  m_PrefabInternal: {fileID: 100100000}
  m_GameObject: {fileID: 100000}
  m_Enabled: 1
  m_CastShadows: 0
  m_ReceiveShadows: 0
  m_LightmapIndex: 255
  m_LightmapTilingOffset: {x: 1, y: 1, z: 0, w: 0}
  m_Materials:
  - {fileID: 10754, guid: 0000000000000000e000000000000000, type: 0}
  m_SubsetIndices: 
  m_StaticBatchRoot: {fileID: 0}
  m_UseLightProbes: 0
  m_LightProbeAnchor: {fileID: 0}
  m_ScaleInLightmap: 1
  m_SortingLayer: 0
  m_SortingOrder: 0
  m_SortingLayerID: 0
  m_Sprite: {fileID: 21300000, guid: bd5e435e55c8e55489661860d72bf7c0, type: 3}
  m_Color: {r: 1, g: 1, b: 1, a: 1}
--- !u!212 &21200002
SpriteRenderer:
  m_ObjectHideFlags: 1
  m_PrefabParentObject: {fileID: 0}
  m_PrefabInternal: {fileID: 100100000}
  m_GameObject: {fileID: 100002}
  m_Enabled: 1
  m_CastShadows: 0
  m_ReceiveShadows: 0
  m_LightmapIndex: 255
  m_LightmapTilingOffset: {x: 1, y: 1, z: 0, w: 0}
  m_Materials:
  - {fileID: 10754, guid: 0000000000000000e000000000000000, type: 0}
  m_SubsetIndices: 
  m_StaticBatchRoot: {fileID: 0}
  m_UseLightProbes: 0
  m_LightProbeAnchor: {fileID: 0}
  m_ScaleInLightmap: 1
  m_SortingLayer: 1
  m_SortingOrder: 0
  m_SortingLayerID: 2511236001
  m_Sprite: {fileID: 21300000, guid: c520ddf9c47148f47aff5646e8510426, type: 3}
  m_Color: {r: 1, g: 1, b: 1, a: 1}
--- !u!1001 &100100000
Prefab:
  m_ObjectHideFlags: 1
  serializedVersion: 2
  m_Modification:
    m_TransformParent: {fileID: 0}
    m_Modifications: []
    m_RemovedComponents: []
  m_ParentPrefab: {fileID: 0}
  m_RootGameObject: {fileID: 100004}
  m_IsPrefabParent: 1
  m_IsExploded: 1
