%YAML 1.1
%TAG !u! tag:unity3d.com,2011:
--- !u!1 &100000
GameObject:
  m_ObjectHideFlags: 0
  m_PrefabParentObject: {fileID: 0}
  m_PrefabInternal: {fileID: 100100000}
  serializedVersion: 4
  m_Component:
  - 4: {fileID: 400000}
  - 212: {fileID: 21200000}
  - 114: {fileID: 11400000}
  - 114: {fileID: 11400002}
  m_Layer: 0
  m_Name: CloudsLevel2_0000_nuvens1
  m_TagString: Untagged
  m_Icon: {fileID: 0}
  m_NavMeshLayer: 0
  m_StaticEditorFlags: 0
  m_IsActive: 1
--- !u!1 &100002
GameObject:
  m_ObjectHideFlags: 0
  m_PrefabParentObject: {fileID: 0}
  m_PrefabInternal: {fileID: 100100000}
  serializedVersion: 4
  m_Component:
  - 4: {fileID: 400002}
  - 212: {fileID: 21200002}
  - 114: {fileID: 11400004}
  - 114: {fileID: 11400006}
  m_Layer: 0
  m_Name: CloudsLevel2_0003_nuvens4
  m_TagString: Untagged
  m_Icon: {fileID: 0}
  m_NavMeshLayer: 0
  m_StaticEditorFlags: 0
  m_IsActive: 1
--- !u!1 &100004
GameObject:
  m_ObjectHideFlags: 0
  m_PrefabParentObject: {fileID: 0}
  m_PrefabInternal: {fileID: 100100000}
  serializedVersion: 4
  m_Component:
  - 4: {fileID: 400004}
  - 212: {fileID: 21200004}
  - 114: {fileID: 11400008}
  - 114: {fileID: 11400010}
  m_Layer: 0
  m_Name: CloudsLevel2_0002_nuvens3
  m_TagString: Untagged
  m_Icon: {fileID: 0}
  m_NavMeshLayer: 0
  m_StaticEditorFlags: 0
  m_IsActive: 1
--- !u!1 &100006
GameObject:
  m_ObjectHideFlags: 0
  m_PrefabParentObject: {fileID: 0}
  m_PrefabInternal: {fileID: 100100000}
  serializedVersion: 4
  m_Component:
  - 4: {fileID: 400006}
  - 212: {fileID: 21200006}
  - 114: {fileID: 11400012}
  - 114: {fileID: 11400014}
  m_Layer: 0
  m_Name: CloudsLevel2_0003_nuvens4
  m_TagString: Untagged
  m_Icon: {fileID: 0}
  m_NavMeshLayer: 0
  m_StaticEditorFlags: 0
  m_IsActive: 1
--- !u!1 &100008
GameObject:
  m_ObjectHideFlags: 0
  m_PrefabParentObject: {fileID: 0}
  m_PrefabInternal: {fileID: 100100000}
  serializedVersion: 4
  m_Component:
  - 4: {fileID: 400008}
  - 212: {fileID: 21200008}
  - 114: {fileID: 11400016}
  - 114: {fileID: 11400018}
  m_Layer: 0
  m_Name: CloudsLevel2_0001_nuvens2
  m_TagString: Untagged
  m_Icon: {fileID: 0}
  m_NavMeshLayer: 0
  m_StaticEditorFlags: 0
  m_IsActive: 1
--- !u!1 &100010
GameObject:
  m_ObjectHideFlags: 0
  m_PrefabParentObject: {fileID: 0}
  m_PrefabInternal: {fileID: 100100000}
  serializedVersion: 4
  m_Component:
  - 4: {fileID: 400010}
  - 212: {fileID: 21200010}
  - 114: {fileID: 11400020}
  - 114: {fileID: 11400022}
  m_Layer: 0
  m_Name: CloudsLevel2_0002_nuvens3
  m_TagString: Untagged
  m_Icon: {fileID: 0}
  m_NavMeshLayer: 0
  m_StaticEditorFlags: 0
  m_IsActive: 1
--- !u!1 &100012
GameObject:
  m_ObjectHideFlags: 0
  m_PrefabParentObject: {fileID: 0}
  m_PrefabInternal: {fileID: 100100000}
  serializedVersion: 4
  m_Component:
  - 4: {fileID: 400012}
  - 212: {fileID: 21200012}
  - 114: {fileID: 11400024}
  - 114: {fileID: 11400026}
  m_Layer: 0
  m_Name: CloudsLevel2_0003_nuvens4
  m_TagString: Untagged
  m_Icon: {fileID: 0}
  m_NavMeshLayer: 0
  m_StaticEditorFlags: 0
  m_IsActive: 1
--- !u!1 &100014
GameObject:
  m_ObjectHideFlags: 0
  m_PrefabParentObject: {fileID: 0}
  m_PrefabInternal: {fileID: 100100000}
  serializedVersion: 4
  m_Component:
  - 4: {fileID: 400014}
  - 212: {fileID: 21200014}
  - 114: {fileID: 11400028}
  - 114: {fileID: 11400030}
  m_Layer: 0
  m_Name: CloudsLevel2_0004_nuvens5
  m_TagString: Untagged
  m_Icon: {fileID: 0}
  m_NavMeshLayer: 0
  m_StaticEditorFlags: 0
  m_IsActive: 1
--- !u!1 &100016
GameObject:
  m_ObjectHideFlags: 0
  m_PrefabParentObject: {fileID: 0}
  m_PrefabInternal: {fileID: 100100000}
  serializedVersion: 4
  m_Component:
  - 4: {fileID: 400016}
  - 212: {fileID: 21200016}
  - 114: {fileID: 11400032}
  - 114: {fileID: 11400034}
  m_Layer: 0
  m_Name: CloudsLevel2_0000_nuvens1
  m_TagString: Untagged
  m_Icon: {fileID: 0}
  m_NavMeshLayer: 0
  m_StaticEditorFlags: 0
  m_IsActive: 1
--- !u!1 &100018
GameObject:
  m_ObjectHideFlags: 0
  m_PrefabParentObject: {fileID: 0}
  m_PrefabInternal: {fileID: 100100000}
  serializedVersion: 4
  m_Component:
  - 4: {fileID: 400018}
  - 212: {fileID: 21200018}
  - 114: {fileID: 11400036}
  - 114: {fileID: 11400038}
  m_Layer: 0
  m_Name: CloudsLevel2_0001_nuvens2
  m_TagString: Untagged
  m_Icon: {fileID: 0}
  m_NavMeshLayer: 0
  m_StaticEditorFlags: 0
  m_IsActive: 1
--- !u!1 &100020
GameObject:
  m_ObjectHideFlags: 0
  m_PrefabParentObject: {fileID: 0}
  m_PrefabInternal: {fileID: 100100000}
  serializedVersion: 4
  m_Component:
  - 4: {fileID: 400020}
  - 212: {fileID: 21200020}
  - 114: {fileID: 11400040}
  - 114: {fileID: 11400042}
  m_Layer: 0
  m_Name: CloudsLevel2_0000_nuvens1
  m_TagString: Untagged
  m_Icon: {fileID: 0}
  m_NavMeshLayer: 0
  m_StaticEditorFlags: 0
  m_IsActive: 1
--- !u!1 &100022
GameObject:
  m_ObjectHideFlags: 0
  m_PrefabParentObject: {fileID: 0}
  m_PrefabInternal: {fileID: 100100000}
  serializedVersion: 4
  m_Component:
  - 4: {fileID: 400022}
  - 212: {fileID: 21200022}
  - 114: {fileID: 11400044}
  - 114: {fileID: 11400046}
  m_Layer: 0
  m_Name: CloudsLevel2_0004_nuvens5
  m_TagString: Untagged
  m_Icon: {fileID: 0}
  m_NavMeshLayer: 0
  m_StaticEditorFlags: 0
  m_IsActive: 1
--- !u!1 &100024
GameObject:
  m_ObjectHideFlags: 0
  m_PrefabParentObject: {fileID: 0}
  m_PrefabInternal: {fileID: 100100000}
  serializedVersion: 4
  m_Component:
  - 4: {fileID: 400024}
  - 212: {fileID: 21200024}
  - 114: {fileID: 11400048}
  - 114: {fileID: 11400050}
  m_Layer: 0
  m_Name: CloudsLevel2_0000_nuvens1
  m_TagString: Untagged
  m_Icon: {fileID: 0}
  m_NavMeshLayer: 0
  m_StaticEditorFlags: 0
  m_IsActive: 1
--- !u!1 &100026
GameObject:
  m_ObjectHideFlags: 0
  m_PrefabParentObject: {fileID: 0}
  m_PrefabInternal: {fileID: 100100000}
  serializedVersion: 4
  m_Component:
  - 4: {fileID: 400026}
  - 212: {fileID: 21200026}
  - 114: {fileID: 11400052}
  - 114: {fileID: 11400054}
  m_Layer: 0
  m_Name: CloudsLevel2_0004_nuvens5
  m_TagString: Untagged
  m_Icon: {fileID: 0}
  m_NavMeshLayer: 0
  m_StaticEditorFlags: 0
  m_IsActive: 1
--- !u!1 &100028
GameObject:
  m_ObjectHideFlags: 0
  m_PrefabParentObject: {fileID: 0}
  m_PrefabInternal: {fileID: 100100000}
  serializedVersion: 4
  m_Component:
  - 4: {fileID: 400028}
  - 212: {fileID: 21200028}
  - 114: {fileID: 11400056}
  - 114: {fileID: 11400058}
  m_Layer: 0
  m_Name: CloudsLevel2_0002_nuvens3
  m_TagString: Untagged
  m_Icon: {fileID: 0}
  m_NavMeshLayer: 0
  m_StaticEditorFlags: 0
  m_IsActive: 1
--- !u!1 &100030
GameObject:
  m_ObjectHideFlags: 0
  m_PrefabParentObject: {fileID: 0}
  m_PrefabInternal: {fileID: 100100000}
  serializedVersion: 4
  m_Component:
  - 4: {fileID: 400030}
  - 212: {fileID: 21200030}
  - 114: {fileID: 11400060}
  - 114: {fileID: 11400062}
  m_Layer: 0
  m_Name: CloudsLevel2_0004_nuvens5
  m_TagString: Untagged
  m_Icon: {fileID: 0}
  m_NavMeshLayer: 0
  m_StaticEditorFlags: 0
  m_IsActive: 1
--- !u!1 &100032
GameObject:
  m_ObjectHideFlags: 0
  m_PrefabParentObject: {fileID: 0}
  m_PrefabInternal: {fileID: 100100000}
  serializedVersion: 4
  m_Component:
  - 4: {fileID: 400032}
  - 212: {fileID: 21200032}
  - 114: {fileID: 11400064}
  - 114: {fileID: 11400066}
  m_Layer: 0
  m_Name: CloudsLevel2_0003_nuvens4
  m_TagString: Untagged
  m_Icon: {fileID: 0}
  m_NavMeshLayer: 0
  m_StaticEditorFlags: 0
  m_IsActive: 1
--- !u!1 &100034
GameObject:
  m_ObjectHideFlags: 0
  m_PrefabParentObject: {fileID: 0}
  m_PrefabInternal: {fileID: 100100000}
  serializedVersion: 4
  m_Component:
  - 4: {fileID: 400034}
  - 212: {fileID: 21200034}
  - 114: {fileID: 11400068}
  - 114: {fileID: 11400070}
  m_Layer: 0
  m_Name: CloudsLevel2_0001_nuvens2
  m_TagString: Untagged
  m_Icon: {fileID: 0}
  m_NavMeshLayer: 0
  m_StaticEditorFlags: 0
  m_IsActive: 1
--- !u!1 &100036
GameObject:
  m_ObjectHideFlags: 0
  m_PrefabParentObject: {fileID: 0}
  m_PrefabInternal: {fileID: 100100000}
  serializedVersion: 4
  m_Component:
  - 4: {fileID: 400036}
  - 212: {fileID: 21200036}
  - 114: {fileID: 11400072}
  - 114: {fileID: 11400074}
  m_Layer: 0
  m_Name: CloudsLevel2_0001_nuvens2
  m_TagString: Untagged
  m_Icon: {fileID: 0}
  m_NavMeshLayer: 0
  m_StaticEditorFlags: 0
  m_IsActive: 1
--- !u!1 &100038
GameObject:
  m_ObjectHideFlags: 0
  m_PrefabParentObject: {fileID: 0}
  m_PrefabInternal: {fileID: 100100000}
  serializedVersion: 4
  m_Component:
  - 4: {fileID: 400038}
  m_Layer: 0
  m_Name: Background
  m_TagString: Untagged
  m_Icon: {fileID: 0}
  m_NavMeshLayer: 0
  m_StaticEditorFlags: 0
  m_IsActive: 1
--- !u!1 &100040
GameObject:
  m_ObjectHideFlags: 0
  m_PrefabParentObject: {fileID: 0}
  m_PrefabInternal: {fileID: 100100000}
  serializedVersion: 4
  m_Component:
  - 4: {fileID: 400040}
  - 212: {fileID: 21200038}
  - 114: {fileID: 11400076}
  - 114: {fileID: 11400078}
  m_Layer: 0
  m_Name: CloudsLevel2_0002_nuvens3
  m_TagString: Untagged
  m_Icon: {fileID: 0}
  m_NavMeshLayer: 0
  m_StaticEditorFlags: 0
  m_IsActive: 1
--- !u!4 &400000
Transform:
  m_ObjectHideFlags: 1
  m_PrefabParentObject: {fileID: 0}
  m_PrefabInternal: {fileID: 100100000}
  m_GameObject: {fileID: 100000}
  m_LocalRotation: {x: 0, y: 0, z: 0, w: 1}
  m_LocalPosition: {x: 53.9900017, y: -.50999999, z: 0}
  m_LocalScale: {x: 1.0625, y: 1, z: 1}
  m_Children: []
  m_Father: {fileID: 400038}
  m_RootOrder: 2
--- !u!4 &400002
Transform:
  m_ObjectHideFlags: 1
  m_PrefabParentObject: {fileID: 0}
  m_PrefabInternal: {fileID: 100100000}
  m_GameObject: {fileID: 100002}
  m_LocalRotation: {x: 0, y: 0, z: 0, w: 1}
  m_LocalPosition: {x: 32.1800003, y: 3.25, z: 0}
  m_LocalScale: {x: 1.0625, y: 1, z: 1}
  m_Children: []
  m_Father: {fileID: 400038}
  m_RootOrder: 13
--- !u!4 &400004
Transform:
  m_ObjectHideFlags: 1
  m_PrefabParentObject: {fileID: 0}
  m_PrefabInternal: {fileID: 100100000}
  m_GameObject: {fileID: 100004}
  m_LocalRotation: {x: 0, y: 0, z: 0, w: 1}
  m_LocalPosition: {x: 10.6300001, y: 2.25, z: 0}
  m_LocalScale: {x: 1.0625, y: 1, z: 1}
  m_Children: []
  m_Father: {fileID: 400038}
  m_RootOrder: 8
--- !u!4 &400006
Transform:
  m_ObjectHideFlags: 1
  m_PrefabParentObject: {fileID: 0}
  m_PrefabInternal: {fileID: 100100000}
  m_GameObject: {fileID: 100006}
  m_LocalRotation: {x: 0, y: 0, z: 0, w: 1}
  m_LocalPosition: {x: 75.0800018, y: 3.25, z: 0}
  m_LocalScale: {x: 1.0625, y: 1, z: 1}
  m_Children: []
  m_Father: {fileID: 400038}
  m_RootOrder: 15
--- !u!4 &400008
Transform:
  m_ObjectHideFlags: 1
  m_PrefabParentObject: {fileID: 0}
  m_PrefabInternal: {fileID: 100100000}
  m_GameObject: {fileID: 100008}
  m_LocalRotation: {x: 0, y: 0, z: 0, w: 1}
  m_LocalPosition: {x: 32.2000008, y: .5, z: 0}
  m_LocalScale: {x: 1.0625, y: 1, z: 1}
  m_Children: []
  m_Father: {fileID: 400038}
  m_RootOrder: 5
--- !u!4 &400010
Transform:
  m_ObjectHideFlags: 1
  m_PrefabParentObject: {fileID: 0}
  m_PrefabInternal: {fileID: 100100000}
  m_GameObject: {fileID: 100010}
  m_LocalRotation: {x: 0, y: 0, z: 0, w: 1}
  m_LocalPosition: {x: 54, y: 2.25, z: 0}
  m_LocalScale: {x: 1.0625, y: 1, z: 1}
  m_Children: []
  m_Father: {fileID: 400038}
  m_RootOrder: 10
--- !u!4 &400012
Transform:
  m_ObjectHideFlags: 1
  m_PrefabParentObject: {fileID: 0}
  m_PrefabInternal: {fileID: 100100000}
  m_GameObject: {fileID: 100012}
  m_LocalRotation: {x: 0, y: 0, z: 0, w: 1}
  m_LocalPosition: {x: 53.3100014, y: 3.25, z: 0}
  m_LocalScale: {x: 1.0625, y: 1, z: 1}
  m_Children: []
  m_Father: {fileID: 400038}
  m_RootOrder: 14
--- !u!4 &400014
Transform:
  m_ObjectHideFlags: 1
  m_PrefabParentObject: {fileID: 0}
  m_PrefabInternal: {fileID: 100100000}
  m_GameObject: {fileID: 100014}
  m_LocalRotation: {x: 0, y: 0, z: 0, w: 1}
  m_LocalPosition: {x: 32.0699997, y: 4.11999989, z: 0}
  m_LocalScale: {x: 1.0625, y: 1, z: 1}
  m_Children: []
  m_Father: {fileID: 400038}
  m_RootOrder: 17
--- !u!4 &400016
Transform:
  m_ObjectHideFlags: 1
  m_PrefabParentObject: {fileID: 0}
  m_PrefabInternal: {fileID: 100100000}
  m_GameObject: {fileID: 100016}
  m_LocalRotation: {x: 0, y: 0, z: 0, w: 1}
  m_LocalPosition: {x: 75.5299988, y: -.50999999, z: 0}
  m_LocalScale: {x: 1.0625, y: 1, z: 1}
  m_Children: []
  m_Father: {fileID: 400038}
  m_RootOrder: 3
--- !u!4 &400018
Transform:
  m_ObjectHideFlags: 1
  m_PrefabParentObject: {fileID: 0}
  m_PrefabInternal: {fileID: 100100000}
  m_GameObject: {fileID: 100018}
  m_LocalRotation: {x: 0, y: 0, z: 0, w: 1}
  m_LocalPosition: {x: 10.54, y: .479999989, z: 0}
  m_LocalScale: {x: 1.0625, y: 1, z: 1}
  m_Children: []
  m_Father: {fileID: 400038}
  m_RootOrder: 4
--- !u!4 &400020
Transform:
  m_ObjectHideFlags: 1
  m_PrefabParentObject: {fileID: 0}
  m_PrefabInternal: {fileID: 100100000}
  m_GameObject: {fileID: 100020}
  m_LocalRotation: {x: 0, y: 0, z: 0, w: 1}
  m_LocalPosition: {x: 10.6499996, y: -.50999999, z: 0}
  m_LocalScale: {x: 1.0625, y: 1, z: 1}
  m_Children: []
  m_Father: {fileID: 400038}
  m_RootOrder: 0
--- !u!4 &400022
Transform:
  m_ObjectHideFlags: 1
  m_PrefabParentObject: {fileID: 0}
  m_PrefabInternal: {fileID: 100100000}
  m_GameObject: {fileID: 100022}
  m_LocalRotation: {x: 0, y: 0, z: 0, w: 1}
  m_LocalPosition: {x: 75.0899963, y: 4.11999989, z: 0}
  m_LocalScale: {x: 1.0625, y: 1, z: 1}
  m_Children: []
  m_Father: {fileID: 400038}
  m_RootOrder: 19
--- !u!4 &400024
Transform:
  m_ObjectHideFlags: 1
  m_PrefabParentObject: {fileID: 0}
  m_PrefabInternal: {fileID: 100100000}
  m_GameObject: {fileID: 100024}
  m_LocalRotation: {x: 0, y: 0, z: 0, w: 1}
  m_LocalPosition: {x: 32.4000015, y: -.550000012, z: 0}
  m_LocalScale: {x: 1.0625, y: 1, z: 1}
  m_Children: []
  m_Father: {fileID: 400038}
  m_RootOrder: 1
--- !u!4 &400026
Transform:
  m_ObjectHideFlags: 1
  m_PrefabParentObject: {fileID: 0}
  m_PrefabInternal: {fileID: 100100000}
  m_GameObject: {fileID: 100026}
  m_LocalRotation: {x: 0, y: 0, z: 0, w: 1}
  m_LocalPosition: {x: 53.7299995, y: 4.11999989, z: 0}
  m_LocalScale: {x: 1.0625, y: 1, z: 1}
  m_Children: []
  m_Father: {fileID: 400038}
  m_RootOrder: 18
--- !u!4 &400028
Transform:
  m_ObjectHideFlags: 1
  m_PrefabParentObject: {fileID: 0}
  m_PrefabInternal: {fileID: 100100000}
  m_GameObject: {fileID: 100028}
  m_LocalRotation: {x: 0, y: 0, z: 0, w: 1}
  m_LocalPosition: {x: 32.2700005, y: 2.25, z: 0}
  m_LocalScale: {x: 1.0625, y: 1, z: 1}
  m_Children: []
  m_Father: {fileID: 400038}
  m_RootOrder: 9
--- !u!4 &400030
Transform:
  m_ObjectHideFlags: 1
  m_PrefabParentObject: {fileID: 0}
  m_PrefabInternal: {fileID: 100100000}
  m_GameObject: {fileID: 100030}
  m_LocalRotation: {x: 0, y: 0, z: 0, w: 1}
  m_LocalPosition: {x: 10.4099998, y: 4.11999989, z: 0}
  m_LocalScale: {x: 1.0625, y: 1, z: 1}
  m_Children: []
  m_Father: {fileID: 400038}
  m_RootOrder: 16
--- !u!4 &400032
Transform:
  m_ObjectHideFlags: 1
  m_PrefabParentObject: {fileID: 0}
  m_PrefabInternal: {fileID: 100100000}
  m_GameObject: {fileID: 100032}
  m_LocalRotation: {x: 0, y: 0, z: 0, w: 1}
  m_LocalPosition: {x: 10.5799999, y: 3.25, z: 0}
  m_LocalScale: {x: 1.0625, y: 1, z: 1}
  m_Children: []
  m_Father: {fileID: 400038}
  m_RootOrder: 12
--- !u!4 &400034
Transform:
  m_ObjectHideFlags: 1
  m_PrefabParentObject: {fileID: 0}
  m_PrefabInternal: {fileID: 100100000}
  m_GameObject: {fileID: 100034}
  m_LocalRotation: {x: 0, y: 0, z: 0, w: 1}
  m_LocalPosition: {x: 53.9700012, y: .479999989, z: 0}
  m_LocalScale: {x: 1.0625, y: 1, z: 1}
  m_Children: []
  m_Father: {fileID: 400038}
  m_RootOrder: 6
--- !u!4 &400036
Transform:
  m_ObjectHideFlags: 1
  m_PrefabParentObject: {fileID: 0}
  m_PrefabInternal: {fileID: 100100000}
  m_GameObject: {fileID: 100036}
  m_LocalRotation: {x: 0, y: 0, z: 0, w: 1}
  m_LocalPosition: {x: 75.7399979, y: .479999989, z: 0}
  m_LocalScale: {x: 1.0625, y: 1, z: 1}
  m_Children: []
  m_Father: {fileID: 400038}
  m_RootOrder: 7
--- !u!4 &400038
Transform:
  m_ObjectHideFlags: 1
  m_PrefabParentObject: {fileID: 0}
  m_PrefabInternal: {fileID: 100100000}
  m_GameObject: {fileID: 100038}
  m_LocalRotation: {x: 0, y: 0, z: 0, w: 1}
  m_LocalPosition: {x: -9.6370039, y: -.384860903, z: 0}
  m_LocalScale: {x: 1, y: 1, z: 1}
  m_Children:
  - {fileID: 400020}
  - {fileID: 400024}
  - {fileID: 400000}
  - {fileID: 400016}
  - {fileID: 400018}
  - {fileID: 400008}
  - {fileID: 400034}
  - {fileID: 400036}
  - {fileID: 400004}
  - {fileID: 400028}
  - {fileID: 400010}
  - {fileID: 400040}
  - {fileID: 400032}
  - {fileID: 400002}
  - {fileID: 400012}
  - {fileID: 400006}
  - {fileID: 400030}
  - {fileID: 400014}
  - {fileID: 400026}
  - {fileID: 400022}
  m_Father: {fileID: 0}
  m_RootOrder: 0
--- !u!4 &400040
Transform:
  m_ObjectHideFlags: 1
  m_PrefabParentObject: {fileID: 0}
  m_PrefabInternal: {fileID: 100100000}
  m_GameObject: {fileID: 100040}
  m_LocalRotation: {x: 0, y: 0, z: 0, w: 1}
  m_LocalPosition: {x: 75.7099991, y: 2.25, z: 0}
  m_LocalScale: {x: 1.0625, y: 1, z: 1}
  m_Children: []
  m_Father: {fileID: 400038}
  m_RootOrder: 11
--- !u!114 &11400000
MonoBehaviour:
  m_ObjectHideFlags: 1
  m_PrefabParentObject: {fileID: 0}
  m_PrefabInternal: {fileID: 100100000}
  m_GameObject: {fileID: 100000}
  m_Enabled: 1
  m_EditorHideFlags: 0
  m_Script: {fileID: 11500000, guid: 579e8cc2fb621094295a4e1754126277, type: 3}
  m_Name: 
  m_EditorClassIdentifier: 
  background: {fileID: 400024}
  posX: {fileID: 0}
  soma: 21.7600002
--- !u!114 &11400002
MonoBehaviour:
  m_ObjectHideFlags: 1
  m_PrefabParentObject: {fileID: 0}
  m_PrefabInternal: {fileID: 100100000}
  m_GameObject: {fileID: 100000}
  m_Enabled: 1
  m_EditorHideFlags: 0
  m_Script: {fileID: 11500000, guid: 6f9a4b74e7a82be43a583d24926934b0, type: 3}
  m_Name: 
  m_EditorClassIdentifier: 
  vel: -.600000024
--- !u!114 &11400004
MonoBehaviour:
  m_ObjectHideFlags: 1
  m_PrefabParentObject: {fileID: 0}
  m_PrefabInternal: {fileID: 100100000}
  m_GameObject: {fileID: 100002}
  m_Enabled: 1
  m_EditorHideFlags: 0
  m_Script: {fileID: 11500000, guid: 579e8cc2fb621094295a4e1754126277, type: 3}
  m_Name: 
  m_EditorClassIdentifier: 
  background: {fileID: 400032}
  posX: {fileID: 0}
  soma: 21.5
--- !u!114 &11400006
MonoBehaviour:
  m_ObjectHideFlags: 1
  m_PrefabParentObject: {fileID: 0}
  m_PrefabInternal: {fileID: 100100000}
  m_GameObject: {fileID: 100002}
  m_Enabled: 1
  m_EditorHideFlags: 0
  m_Script: {fileID: 11500000, guid: 6f9a4b74e7a82be43a583d24926934b0, type: 3}
  m_Name: 
  m_EditorClassIdentifier: 
  vel: -.100000001
--- !u!114 &11400008
MonoBehaviour:
  m_ObjectHideFlags: 1
  m_PrefabParentObject: {fileID: 0}
  m_PrefabInternal: {fileID: 100100000}
  m_GameObject: {fileID: 100004}
  m_Enabled: 1
  m_EditorHideFlags: 0
  m_Script: {fileID: 11500000, guid: 579e8cc2fb621094295a4e1754126277, type: 3}
  m_Name: 
  m_EditorClassIdentifier: 
  background: {fileID: 400040}
  posX: {fileID: 0}
  soma: 21.5
--- !u!114 &11400010
MonoBehaviour:
  m_ObjectHideFlags: 1
  m_PrefabParentObject: {fileID: 0}
  m_PrefabInternal: {fileID: 100100000}
  m_GameObject: {fileID: 100004}
  m_Enabled: 1
  m_EditorHideFlags: 0
  m_Script: {fileID: 11500000, guid: 6f9a4b74e7a82be43a583d24926934b0, type: 3}
  m_Name: 
  m_EditorClassIdentifier: 
  vel: -.200000003
--- !u!114 &11400012
MonoBehaviour:
  m_ObjectHideFlags: 1
  m_PrefabParentObject: {fileID: 0}
  m_PrefabInternal: {fileID: 100100000}
  m_GameObject: {fileID: 100006}
  m_Enabled: 1
  m_EditorHideFlags: 0
  m_Script: {fileID: 11500000, guid: 579e8cc2fb621094295a4e1754126277, type: 3}
  m_Name: 
  m_EditorClassIdentifier: 
  background: {fileID: 400012}
  posX: {fileID: 0}
  soma: 21.5
--- !u!114 &11400014
MonoBehaviour:
  m_ObjectHideFlags: 1
  m_PrefabParentObject: {fileID: 0}
  m_PrefabInternal: {fileID: 100100000}
  m_GameObject: {fileID: 100006}
  m_Enabled: 1
  m_EditorHideFlags: 0
  m_Script: {fileID: 11500000, guid: 6f9a4b74e7a82be43a583d24926934b0, type: 3}
  m_Name: 
  m_EditorClassIdentifier: 
  vel: -.100000001
--- !u!114 &11400016
MonoBehaviour:
  m_ObjectHideFlags: 1
  m_PrefabParentObject: {fileID: 0}
  m_PrefabInternal: {fileID: 100100000}
  m_GameObject: {fileID: 100008}
  m_Enabled: 1
  m_EditorHideFlags: 0
  m_Script: {fileID: 11500000, guid: 579e8cc2fb621094295a4e1754126277, type: 3}
  m_Name: 
  m_EditorClassIdentifier: 
  background: {fileID: 400018}
  posX: {fileID: 0}
  soma: 21.6000004
--- !u!114 &11400018
MonoBehaviour:
  m_ObjectHideFlags: 1
  m_PrefabParentObject: {fileID: 0}
  m_PrefabInternal: {fileID: 100100000}
  m_GameObject: {fileID: 100008}
  m_Enabled: 1
  m_EditorHideFlags: 0
  m_Script: {fileID: 11500000, guid: 6f9a4b74e7a82be43a583d24926934b0, type: 3}
  m_Name: 
  m_EditorClassIdentifier: 
  vel: -.400000006
--- !u!114 &11400020
MonoBehaviour:
  m_ObjectHideFlags: 1
  m_PrefabParentObject: {fileID: 0}
  m_PrefabInternal: {fileID: 100100000}
  m_GameObject: {fileID: 100010}
  m_Enabled: 1
  m_EditorHideFlags: 0
  m_Script: {fileID: 11500000, guid: 579e8cc2fb621094295a4e1754126277, type: 3}
  m_Name: 
  m_EditorClassIdentifier: 
  background: {fileID: 400028}
  posX: {fileID: 0}
  soma: 21.5
--- !u!114 &11400022
MonoBehaviour:
  m_ObjectHideFlags: 1
  m_PrefabParentObject: {fileID: 0}
  m_PrefabInternal: {fileID: 100100000}
  m_GameObject: {fileID: 100010}
  m_Enabled: 1
  m_EditorHideFlags: 0
  m_Script: {fileID: 11500000, guid: 6f9a4b74e7a82be43a583d24926934b0, type: 3}
  m_Name: 
  m_EditorClassIdentifier: 
  vel: -.200000003
--- !u!114 &11400024
MonoBehaviour:
  m_ObjectHideFlags: 1
  m_PrefabParentObject: {fileID: 0}
  m_PrefabInternal: {fileID: 100100000}
  m_GameObject: {fileID: 100012}
  m_Enabled: 1
  m_EditorHideFlags: 0
  m_Script: {fileID: 11500000, guid: 579e8cc2fb621094295a4e1754126277, type: 3}
  m_Name: 
  m_EditorClassIdentifier: 
  background: {fileID: 400002}
  posX: {fileID: 0}
  soma: 21.5
--- !u!114 &11400026
MonoBehaviour:
  m_ObjectHideFlags: 1
  m_PrefabParentObject: {fileID: 0}
  m_PrefabInternal: {fileID: 100100000}
  m_GameObject: {fileID: 100012}
  m_Enabled: 1
  m_EditorHideFlags: 0
  m_Script: {fileID: 11500000, guid: 6f9a4b74e7a82be43a583d24926934b0, type: 3}
  m_Name: 
  m_EditorClassIdentifier: 
  vel: -.100000001
--- !u!114 &11400028
MonoBehaviour:
  m_ObjectHideFlags: 1
  m_PrefabParentObject: {fileID: 0}
  m_PrefabInternal: {fileID: 100100000}
  m_GameObject: {fileID: 100014}
  m_Enabled: 1
  m_EditorHideFlags: 0
  m_Script: {fileID: 11500000, guid: 579e8cc2fb621094295a4e1754126277, type: 3}
  m_Name: 
  m_EditorClassIdentifier: 
  background: {fileID: 400030}
  posX: {fileID: 0}
  soma: 21.6000004
--- !u!114 &11400030
MonoBehaviour:
  m_ObjectHideFlags: 1
  m_PrefabParentObject: {fileID: 0}
  m_PrefabInternal: {fileID: 100100000}
  m_GameObject: {fileID: 100014}
  m_Enabled: 1
  m_EditorHideFlags: 0
  m_Script: {fileID: 11500000, guid: 6f9a4b74e7a82be43a583d24926934b0, type: 3}
  m_Name: 
  m_EditorClassIdentifier: 
  vel: -.0500000007
--- !u!114 &11400032
MonoBehaviour:
  m_ObjectHideFlags: 1
  m_PrefabParentObject: {fileID: 0}
  m_PrefabInternal: {fileID: 100100000}
  m_GameObject: {fileID: 100016}
  m_Enabled: 1
  m_EditorHideFlags: 0
  m_Script: {fileID: 11500000, guid: 579e8cc2fb621094295a4e1754126277, type: 3}
  m_Name: 
  m_EditorClassIdentifier: 
  background: {fileID: 400000}
  posX: {fileID: 0}
  soma: 21.7600002
--- !u!114 &11400034
MonoBehaviour:
  m_ObjectHideFlags: 1
  m_PrefabParentObject: {fileID: 0}
  m_PrefabInternal: {fileID: 100100000}
  m_GameObject: {fileID: 100016}
  m_Enabled: 1
  m_EditorHideFlags: 0
  m_Script: {fileID: 11500000, guid: 6f9a4b74e7a82be43a583d24926934b0, type: 3}
  m_Name: 
  m_EditorClassIdentifier: 
  vel: -.600000024
--- !u!114 &11400036
MonoBehaviour:
  m_ObjectHideFlags: 1
  m_PrefabParentObject: {fileID: 0}
  m_PrefabInternal: {fileID: 100100000}
  m_GameObject: {fileID: 100018}
  m_Enabled: 1
  m_EditorHideFlags: 0
  m_Script: {fileID: 11500000, guid: 579e8cc2fb621094295a4e1754126277, type: 3}
  m_Name: 
  m_EditorClassIdentifier: 
  background: {fileID: 400036}
  posX: {fileID: 0}
  soma: 21.5
--- !u!114 &11400038
MonoBehaviour:
  m_ObjectHideFlags: 1
  m_PrefabParentObject: {fileID: 0}
  m_PrefabInternal: {fileID: 100100000}
  m_GameObject: {fileID: 100018}
  m_Enabled: 1
  m_EditorHideFlags: 0
  m_Script: {fileID: 11500000, guid: 6f9a4b74e7a82be43a583d24926934b0, type: 3}
  m_Name: 
  m_EditorClassIdentifier: 
  vel: -.400000006
--- !u!114 &11400040
MonoBehaviour:
  m_ObjectHideFlags: 1
  m_PrefabParentObject: {fileID: 0}
  m_PrefabInternal: {fileID: 100100000}
  m_GameObject: {fileID: 100020}
  m_Enabled: 1
  m_EditorHideFlags: 0
  m_Script: {fileID: 11500000, guid: 579e8cc2fb621094295a4e1754126277, type: 3}
  m_Name: 
  m_EditorClassIdentifier: 
  background: {fileID: 400016}
  posX: {fileID: 0}
  soma: 21.7600002
--- !u!114 &11400042
MonoBehaviour:
  m_ObjectHideFlags: 1
  m_PrefabParentObject: {fileID: 0}
  m_PrefabInternal: {fileID: 100100000}
  m_GameObject: {fileID: 100020}
  m_Enabled: 1
  m_EditorHideFlags: 0
  m_Script: {fileID: 11500000, guid: 6f9a4b74e7a82be43a583d24926934b0, type: 3}
  m_Name: 
  m_EditorClassIdentifier: 
  vel: -.600000024
--- !u!114 &11400044
MonoBehaviour:
  m_ObjectHideFlags: 1
  m_PrefabParentObject: {fileID: 0}
  m_PrefabInternal: {fileID: 100100000}
  m_GameObject: {fileID: 100022}
  m_Enabled: 1
  m_EditorHideFlags: 0
  m_Script: {fileID: 11500000, guid: 579e8cc2fb621094295a4e1754126277, type: 3}
  m_Name: 
  m_EditorClassIdentifier: 
  background: {fileID: 400026}
  posX: {fileID: 0}
  soma: 21.6000004
--- !u!114 &11400046
MonoBehaviour:
  m_ObjectHideFlags: 1
  m_PrefabParentObject: {fileID: 0}
  m_PrefabInternal: {fileID: 100100000}
  m_GameObject: {fileID: 100022}
  m_Enabled: 1
  m_EditorHideFlags: 0
  m_Script: {fileID: 11500000, guid: 6f9a4b74e7a82be43a583d24926934b0, type: 3}
  m_Name: 
  m_EditorClassIdentifier: 
  vel: -.0500000007
--- !u!114 &11400048
MonoBehaviour:
  m_ObjectHideFlags: 1
  m_PrefabParentObject: {fileID: 0}
  m_PrefabInternal: {fileID: 100100000}
  m_GameObject: {fileID: 100024}
  m_Enabled: 1
  m_EditorHideFlags: 0
  m_Script: {fileID: 11500000, guid: 579e8cc2fb621094295a4e1754126277, type: 3}
  m_Name: 
  m_EditorClassIdentifier: 
  background: {fileID: 400020}
  posX: {fileID: 0}
  soma: 21.7600002
--- !u!114 &11400050
MonoBehaviour:
  m_ObjectHideFlags: 1
  m_PrefabParentObject: {fileID: 0}
  m_PrefabInternal: {fileID: 100100000}
  m_GameObject: {fileID: 100024}
  m_Enabled: 1
  m_EditorHideFlags: 0
  m_Script: {fileID: 11500000, guid: 6f9a4b74e7a82be43a583d24926934b0, type: 3}
  m_Name: 
  m_EditorClassIdentifier: 
  vel: -.600000024
--- !u!114 &11400052
MonoBehaviour:
  m_ObjectHideFlags: 1
  m_PrefabParentObject: {fileID: 0}
  m_PrefabInternal: {fileID: 100100000}
  m_GameObject: {fileID: 100026}
  m_Enabled: 1
  m_EditorHideFlags: 0
  m_Script: {fileID: 11500000, guid: 579e8cc2fb621094295a4e1754126277, type: 3}
  m_Name: 
  m_EditorClassIdentifier: 
  background: {fileID: 400014}
  posX: {fileID: 0}
  soma: 21.6000004
--- !u!114 &11400054
MonoBehaviour:
  m_ObjectHideFlags: 1
  m_PrefabParentObject: {fileID: 0}
  m_PrefabInternal: {fileID: 100100000}
  m_GameObject: {fileID: 100026}
  m_Enabled: 1
  m_EditorHideFlags: 0
  m_Script: {fileID: 11500000, guid: 6f9a4b74e7a82be43a583d24926934b0, type: 3}
  m_Name: 
  m_EditorClassIdentifier: 
  vel: -.0500000007
--- !u!114 &11400056
MonoBehaviour:
  m_ObjectHideFlags: 1
  m_PrefabParentObject: {fileID: 0}
  m_PrefabInternal: {fileID: 100100000}
  m_GameObject: {fileID: 100028}
  m_Enabled: 1
  m_EditorHideFlags: 0
  m_Script: {fileID: 11500000, guid: 579e8cc2fb621094295a4e1754126277, type: 3}
  m_Name: 
  m_EditorClassIdentifier: 
  background: {fileID: 400004}
  posX: {fileID: 0}
  soma: 21.5
--- !u!114 &11400058
MonoBehaviour:
  m_ObjectHideFlags: 1
  m_PrefabParentObject: {fileID: 0}
  m_PrefabInternal: {fileID: 100100000}
  m_GameObject: {fileID: 100028}
  m_Enabled: 1
  m_EditorHideFlags: 0
  m_Script: {fileID: 11500000, guid: 6f9a4b74e7a82be43a583d24926934b0, type: 3}
  m_Name: 
  m_EditorClassIdentifier: 
  vel: -.200000003
--- !u!114 &11400060
MonoBehaviour:
  m_ObjectHideFlags: 1
  m_PrefabParentObject: {fileID: 0}
  m_PrefabInternal: {fileID: 100100000}
  m_GameObject: {fileID: 100030}
  m_Enabled: 1
  m_EditorHideFlags: 0
  m_Script: {fileID: 11500000, guid: 579e8cc2fb621094295a4e1754126277, type: 3}
  m_Name: 
  m_EditorClassIdentifier: 
  background: {fileID: 400022}
  posX: {fileID: 0}
  soma: 21.6000004
--- !u!114 &11400062
MonoBehaviour:
  m_ObjectHideFlags: 1
  m_PrefabParentObject: {fileID: 0}
  m_PrefabInternal: {fileID: 100100000}
  m_GameObject: {fileID: 100030}
  m_Enabled: 1
  m_EditorHideFlags: 0
  m_Script: {fileID: 11500000, guid: 6f9a4b74e7a82be43a583d24926934b0, type: 3}
  m_Name: 
  m_EditorClassIdentifier: 
  vel: -.0500000007
--- !u!114 &11400064
MonoBehaviour:
  m_ObjectHideFlags: 1
  m_PrefabParentObject: {fileID: 0}
  m_PrefabInternal: {fileID: 100100000}
  m_GameObject: {fileID: 100032}
  m_Enabled: 1
  m_EditorHideFlags: 0
  m_Script: {fileID: 11500000, guid: 579e8cc2fb621094295a4e1754126277, type: 3}
  m_Name: 
  m_EditorClassIdentifier: 
  background: {fileID: 400006}
  posX: {fileID: 0}
  soma: 21.5
--- !u!114 &11400066
MonoBehaviour:
  m_ObjectHideFlags: 1
  m_PrefabParentObject: {fileID: 0}
  m_PrefabInternal: {fileID: 100100000}
  m_GameObject: {fileID: 100032}
  m_Enabled: 1
  m_EditorHideFlags: 0
  m_Script: {fileID: 11500000, guid: 6f9a4b74e7a82be43a583d24926934b0, type: 3}
  m_Name: 
  m_EditorClassIdentifier: 
  vel: -.100000001
--- !u!114 &11400068
MonoBehaviour:
  m_ObjectHideFlags: 1
  m_PrefabParentObject: {fileID: 0}
  m_PrefabInternal: {fileID: 100100000}
  m_GameObject: {fileID: 100034}
  m_Enabled: 1
  m_EditorHideFlags: 0
  m_Script: {fileID: 11500000, guid: 579e8cc2fb621094295a4e1754126277, type: 3}
  m_Name: 
  m_EditorClassIdentifier: 
  background: {fileID: 400008}
  posX: {fileID: 0}
  soma: 21.7999992
--- !u!114 &11400070
MonoBehaviour:
  m_ObjectHideFlags: 1
  m_PrefabParentObject: {fileID: 0}
  m_PrefabInternal: {fileID: 100100000}
  m_GameObject: {fileID: 100034}
  m_Enabled: 1
  m_EditorHideFlags: 0
  m_Script: {fileID: 11500000, guid: 6f9a4b74e7a82be43a583d24926934b0, type: 3}
  m_Name: 
  m_EditorClassIdentifier: 
  vel: -.400000006
--- !u!114 &11400072
MonoBehaviour:
  m_ObjectHideFlags: 1
  m_PrefabParentObject: {fileID: 0}
  m_PrefabInternal: {fileID: 100100000}
  m_GameObject: {fileID: 100036}
  m_Enabled: 1
  m_EditorHideFlags: 0
  m_Script: {fileID: 11500000, guid: 579e8cc2fb621094295a4e1754126277, type: 3}
  m_Name: 
  m_EditorClassIdentifier: 
  background: {fileID: 400034}
  posX: {fileID: 0}
  soma: 21.7999992
--- !u!114 &11400074
MonoBehaviour:
  m_ObjectHideFlags: 1
  m_PrefabParentObject: {fileID: 0}
  m_PrefabInternal: {fileID: 100100000}
  m_GameObject: {fileID: 100036}
  m_Enabled: 1
  m_EditorHideFlags: 0
  m_Script: {fileID: 11500000, guid: 6f9a4b74e7a82be43a583d24926934b0, type: 3}
  m_Name: 
  m_EditorClassIdentifier: 
  vel: -.400000006
--- !u!114 &11400076
MonoBehaviour:
  m_ObjectHideFlags: 1
  m_PrefabParentObject: {fileID: 0}
  m_PrefabInternal: {fileID: 100100000}
  m_GameObject: {fileID: 100040}
  m_Enabled: 1
  m_EditorHideFlags: 0
  m_Script: {fileID: 11500000, guid: 579e8cc2fb621094295a4e1754126277, type: 3}
  m_Name: 
  m_EditorClassIdentifier: 
  background: {fileID: 400010}
  posX: {fileID: 0}
  soma: 21.5
--- !u!114 &11400078
MonoBehaviour:
  m_ObjectHideFlags: 1
  m_PrefabParentObject: {fileID: 0}
  m_PrefabInternal: {fileID: 100100000}
  m_GameObject: {fileID: 100040}
  m_Enabled: 1
  m_EditorHideFlags: 0
  m_Script: {fileID: 11500000, guid: 6f9a4b74e7a82be43a583d24926934b0, type: 3}
  m_Name: 
  m_EditorClassIdentifier: 
  vel: -.200000003
--- !u!212 &21200000
SpriteRenderer:
  m_ObjectHideFlags: 1
  m_PrefabParentObject: {fileID: 0}
  m_PrefabInternal: {fileID: 100100000}
  m_GameObject: {fileID: 100000}
  m_Enabled: 1
  m_CastShadows: 0
  m_ReceiveShadows: 0
  m_LightmapIndex: 255
  m_LightmapTilingOffset: {x: 1, y: 1, z: 0, w: 0}
  m_Materials:
  - {fileID: 10754, guid: 0000000000000000e000000000000000, type: 0}
  m_SubsetIndices: 
  m_StaticBatchRoot: {fileID: 0}
  m_UseLightProbes: 0
  m_LightProbeAnchor: {fileID: 0}
  m_ScaleInLightmap: 1
  m_SortingLayerID: 1066335329
  m_SortingOrder: 10
  m_Sprite: {fileID: 21300000, guid: e5985f47d7e83cf4aaff89a3bd7b9de5, type: 3}
  m_Color: {r: 1, g: 1, b: 1, a: 1}
--- !u!212 &21200002
SpriteRenderer:
  m_ObjectHideFlags: 1
  m_PrefabParentObject: {fileID: 0}
  m_PrefabInternal: {fileID: 100100000}
  m_GameObject: {fileID: 100002}
  m_Enabled: 1
  m_CastShadows: 0
  m_ReceiveShadows: 0
  m_LightmapIndex: 255
  m_LightmapTilingOffset: {x: 1, y: 1, z: 0, w: 0}
  m_Materials:
  - {fileID: 10754, guid: 0000000000000000e000000000000000, type: 0}
  m_SubsetIndices: 
  m_StaticBatchRoot: {fileID: 0}
  m_UseLightProbes: 0
  m_LightProbeAnchor: {fileID: 0}
  m_ScaleInLightmap: 1
  m_SortingLayerID: 1066335329
  m_SortingOrder: 4
  m_Sprite: {fileID: 21300000, guid: e3e75318352c65446afeb845ba4ea25c, type: 3}
  m_Color: {r: 1, g: 1, b: 1, a: 1}
--- !u!212 &21200004
SpriteRenderer:
  m_ObjectHideFlags: 1
  m_PrefabParentObject: {fileID: 0}
  m_PrefabInternal: {fileID: 100100000}
  m_GameObject: {fileID: 100004}
  m_Enabled: 1
  m_CastShadows: 0
  m_ReceiveShadows: 0
  m_LightmapIndex: 255
  m_LightmapTilingOffset: {x: 1, y: 1, z: 0, w: 0}
  m_Materials:
  - {fileID: 10754, guid: 0000000000000000e000000000000000, type: 0}
  m_SubsetIndices: 
  m_StaticBatchRoot: {fileID: 0}
  m_UseLightProbes: 0
  m_LightProbeAnchor: {fileID: 0}
  m_ScaleInLightmap: 1
  m_SortingLayerID: 1066335329
  m_SortingOrder: 6
  m_Sprite: {fileID: 21300000, guid: ccf7f5d7d39027a4ca8bbe095727eb7a, type: 3}
  m_Color: {r: 1, g: 1, b: 1, a: 1}
--- !u!212 &21200006
SpriteRenderer:
  m_ObjectHideFlags: 1
  m_PrefabParentObject: {fileID: 0}
  m_PrefabInternal: {fileID: 100100000}
  m_GameObject: {fileID: 100006}
  m_Enabled: 1
  m_CastShadows: 0
  m_ReceiveShadows: 0
  m_LightmapIndex: 255
  m_LightmapTilingOffset: {x: 1, y: 1, z: 0, w: 0}
  m_Materials:
  - {fileID: 10754, guid: 0000000000000000e000000000000000, type: 0}
  m_SubsetIndices: 
  m_StaticBatchRoot: {fileID: 0}
  m_UseLightProbes: 0
  m_LightProbeAnchor: {fileID: 0}
  m_ScaleInLightmap: 1
  m_SortingLayerID: 1066335329
  m_SortingOrder: 4
  m_Sprite: {fileID: 21300000, guid: e3e75318352c65446afeb845ba4ea25c, type: 3}
  m_Color: {r: 1, g: 1, b: 1, a: 1}
--- !u!212 &21200008
SpriteRenderer:
  m_ObjectHideFlags: 1
  m_PrefabParentObject: {fileID: 0}
  m_PrefabInternal: {fileID: 100100000}
  m_GameObject: {fileID: 100008}
  m_Enabled: 1
  m_CastShadows: 0
  m_ReceiveShadows: 0
  m_LightmapIndex: 255
  m_LightmapTilingOffset: {x: 1, y: 1, z: 0, w: 0}
  m_Materials:
  - {fileID: 10754, guid: 0000000000000000e000000000000000, type: 0}
  m_SubsetIndices: 
  m_StaticBatchRoot: {fileID: 0}
  m_UseLightProbes: 0
  m_LightProbeAnchor: {fileID: 0}
  m_ScaleInLightmap: 1
  m_SortingLayerID: 1066335329
  m_SortingOrder: 8
  m_Sprite: {fileID: 21300000, guid: 048de2490f2ed194fa93a476e56f9507, type: 3}
  m_Color: {r: 1, g: 1, b: 1, a: 1}
--- !u!212 &21200010
SpriteRenderer:
  m_ObjectHideFlags: 1
  m_PrefabParentObject: {fileID: 0}
  m_PrefabInternal: {fileID: 100100000}
  m_GameObject: {fileID: 100010}
  m_Enabled: 1
  m_CastShadows: 0
  m_ReceiveShadows: 0
  m_LightmapIndex: 255
  m_LightmapTilingOffset: {x: 1, y: 1, z: 0, w: 0}
  m_Materials:
  - {fileID: 10754, guid: 0000000000000000e000000000000000, type: 0}
  m_SubsetIndices: 
  m_StaticBatchRoot: {fileID: 0}
  m_UseLightProbes: 0
  m_LightProbeAnchor: {fileID: 0}
  m_ScaleInLightmap: 1
  m_SortingLayerID: 1066335329
  m_SortingOrder: 6
  m_Sprite: {fileID: 21300000, guid: ccf7f5d7d39027a4ca8bbe095727eb7a, type: 3}
  m_Color: {r: 1, g: 1, b: 1, a: 1}
--- !u!212 &21200012
SpriteRenderer:
  m_ObjectHideFlags: 1
  m_PrefabParentObject: {fileID: 0}
  m_PrefabInternal: {fileID: 100100000}
  m_GameObject: {fileID: 100012}
  m_Enabled: 1
  m_CastShadows: 0
  m_ReceiveShadows: 0
  m_LightmapIndex: 255
  m_LightmapTilingOffset: {x: 1, y: 1, z: 0, w: 0}
  m_Materials:
  - {fileID: 10754, guid: 0000000000000000e000000000000000, type: 0}
  m_SubsetIndices: 
  m_StaticBatchRoot: {fileID: 0}
  m_UseLightProbes: 0
  m_LightProbeAnchor: {fileID: 0}
  m_ScaleInLightmap: 1
  m_SortingLayerID: 1066335329
  m_SortingOrder: 4
  m_Sprite: {fileID: 21300000, guid: e3e75318352c65446afeb845ba4ea25c, type: 3}
  m_Color: {r: 1, g: 1, b: 1, a: 1}
--- !u!212 &21200014
SpriteRenderer:
  m_ObjectHideFlags: 1
  m_PrefabParentObject: {fileID: 0}
  m_PrefabInternal: {fileID: 100100000}
  m_GameObject: {fileID: 100014}
  m_Enabled: 1
  m_CastShadows: 0
  m_ReceiveShadows: 0
  m_LightmapIndex: 255
  m_LightmapTilingOffset: {x: 1, y: 1, z: 0, w: 0}
  m_Materials:
  - {fileID: 10754, guid: 0000000000000000e000000000000000, type: 0}
  m_SubsetIndices: 
  m_StaticBatchRoot: {fileID: 0}
  m_UseLightProbes: 0
  m_LightProbeAnchor: {fileID: 0}
  m_ScaleInLightmap: 1
  m_SortingLayerID: 1066335329
  m_SortingOrder: 2
  m_Sprite: {fileID: 21300000, guid: f2e5372db265c1747905119ec8b02b8a, type: 3}
  m_Color: {r: 1, g: 1, b: 1, a: 1}
--- !u!212 &21200016
SpriteRenderer:
  m_ObjectHideFlags: 1
  m_PrefabParentObject: {fileID: 0}
  m_PrefabInternal: {fileID: 100100000}
  m_GameObject: {fileID: 100016}
  m_Enabled: 1
  m_CastShadows: 0
  m_ReceiveShadows: 0
  m_LightmapIndex: 255
  m_LightmapTilingOffset: {x: 1, y: 1, z: 0, w: 0}
  m_Materials:
  - {fileID: 10754, guid: 0000000000000000e000000000000000, type: 0}
  m_SubsetIndices: 
  m_StaticBatchRoot: {fileID: 0}
  m_UseLightProbes: 0
  m_LightProbeAnchor: {fileID: 0}
  m_ScaleInLightmap: 1
  m_SortingLayerID: 1066335329
  m_SortingOrder: 10
  m_Sprite: {fileID: 21300000, guid: e5985f47d7e83cf4aaff89a3bd7b9de5, type: 3}
  m_Color: {r: 1, g: 1, b: 1, a: 1}
--- !u!212 &21200018
SpriteRenderer:
  m_ObjectHideFlags: 1
  m_PrefabParentObject: {fileID: 0}
  m_PrefabInternal: {fileID: 100100000}
  m_GameObject: {fileID: 100018}
  m_Enabled: 1
  m_CastShadows: 0
  m_ReceiveShadows: 0
  m_LightmapIndex: 255
  m_LightmapTilingOffset: {x: 1, y: 1, z: 0, w: 0}
  m_Materials:
  - {fileID: 10754, guid: 0000000000000000e000000000000000, type: 0}
  m_SubsetIndices: 
  m_StaticBatchRoot: {fileID: 0}
  m_UseLightProbes: 0
  m_LightProbeAnchor: {fileID: 0}
  m_ScaleInLightmap: 1
  m_SortingLayerID: 1066335329
  m_SortingOrder: 8
  m_Sprite: {fileID: 21300000, guid: 048de2490f2ed194fa93a476e56f9507, type: 3}
  m_Color: {r: 1, g: 1, b: 1, a: 1}
--- !u!212 &21200020
SpriteRenderer:
  m_ObjectHideFlags: 1
  m_PrefabParentObject: {fileID: 0}
  m_PrefabInternal: {fileID: 100100000}
  m_GameObject: {fileID: 100020}
  m_Enabled: 1
  m_CastShadows: 0
  m_ReceiveShadows: 0
  m_LightmapIndex: 255
  m_LightmapTilingOffset: {x: 1, y: 1, z: 0, w: 0}
  m_Materials:
  - {fileID: 10754, guid: 0000000000000000e000000000000000, type: 0}
  m_SubsetIndices: 
  m_StaticBatchRoot: {fileID: 0}
  m_UseLightProbes: 0
  m_LightProbeAnchor: {fileID: 0}
  m_ScaleInLightmap: 1
  m_SortingLayerID: 1066335329
  m_SortingOrder: 10
  m_Sprite: {fileID: 21300000, guid: e5985f47d7e83cf4aaff89a3bd7b9de5, type: 3}
  m_Color: {r: 1, g: 1, b: 1, a: 1}
--- !u!212 &21200022
SpriteRenderer:
  m_ObjectHideFlags: 1
  m_PrefabParentObject: {fileID: 0}
  m_PrefabInternal: {fileID: 100100000}
  m_GameObject: {fileID: 100022}
  m_Enabled: 1
  m_CastShadows: 0
  m_ReceiveShadows: 0
  m_LightmapIndex: 255
  m_LightmapTilingOffset: {x: 1, y: 1, z: 0, w: 0}
  m_Materials:
  - {fileID: 10754, guid: 0000000000000000e000000000000000, type: 0}
  m_SubsetIndices: 
  m_StaticBatchRoot: {fileID: 0}
  m_UseLightProbes: 0
  m_LightProbeAnchor: {fileID: 0}
  m_ScaleInLightmap: 1
  m_SortingLayerID: 1066335329
  m_SortingOrder: 2
  m_Sprite: {fileID: 21300000, guid: f2e5372db265c1747905119ec8b02b8a, type: 3}
  m_Color: {r: 1, g: 1, b: 1, a: 1}
--- !u!212 &21200024
SpriteRenderer:
  m_ObjectHideFlags: 1
  m_PrefabParentObject: {fileID: 0}
  m_PrefabInternal: {fileID: 100100000}
  m_GameObject: {fileID: 100024}
  m_Enabled: 1
  m_CastShadows: 0
  m_ReceiveShadows: 0
  m_LightmapIndex: 255
  m_LightmapTilingOffset: {x: 1, y: 1, z: 0, w: 0}
  m_Materials:
  - {fileID: 10754, guid: 0000000000000000e000000000000000, type: 0}
  m_SubsetIndices: 
  m_StaticBatchRoot: {fileID: 0}
  m_UseLightProbes: 0
  m_LightProbeAnchor: {fileID: 0}
  m_ScaleInLightmap: 1
  m_SortingLayerID: 1066335329
  m_SortingOrder: 10
  m_Sprite: {fileID: 21300000, guid: e5985f47d7e83cf4aaff89a3bd7b9de5, type: 3}
  m_Color: {r: 1, g: 1, b: 1, a: 1}
--- !u!212 &21200026
SpriteRenderer:
  m_ObjectHideFlags: 1
  m_PrefabParentObject: {fileID: 0}
  m_PrefabInternal: {fileID: 100100000}
  m_GameObject: {fileID: 100026}
  m_Enabled: 1
  m_CastShadows: 0
  m_ReceiveShadows: 0
  m_LightmapIndex: 255
  m_LightmapTilingOffset: {x: 1, y: 1, z: 0, w: 0}
  m_Materials:
  - {fileID: 10754, guid: 0000000000000000e000000000000000, type: 0}
  m_SubsetIndices: 
  m_StaticBatchRoot: {fileID: 0}
  m_UseLightProbes: 0
  m_LightProbeAnchor: {fileID: 0}
  m_ScaleInLightmap: 1
  m_SortingLayerID: 1066335329
  m_SortingOrder: 2
  m_Sprite: {fileID: 21300000, guid: f2e5372db265c1747905119ec8b02b8a, type: 3}
  m_Color: {r: 1, g: 1, b: 1, a: 1}
--- !u!212 &21200028
SpriteRenderer:
  m_ObjectHideFlags: 1
  m_PrefabParentObject: {fileID: 0}
  m_PrefabInternal: {fileID: 100100000}
  m_GameObject: {fileID: 100028}
  m_Enabled: 1
  m_CastShadows: 0
  m_ReceiveShadows: 0
  m_LightmapIndex: 255
  m_LightmapTilingOffset: {x: 1, y: 1, z: 0, w: 0}
  m_Materials:
  - {fileID: 10754, guid: 0000000000000000e000000000000000, type: 0}
  m_SubsetIndices: 
  m_StaticBatchRoot: {fileID: 0}
  m_UseLightProbes: 0
  m_LightProbeAnchor: {fileID: 0}
  m_ScaleInLightmap: 1
  m_SortingLayerID: 1066335329
  m_SortingOrder: 6
  m_Sprite: {fileID: 21300000, guid: ccf7f5d7d39027a4ca8bbe095727eb7a, type: 3}
  m_Color: {r: 1, g: 1, b: 1, a: 1}
--- !u!212 &21200030
SpriteRenderer:
  m_ObjectHideFlags: 1
  m_PrefabParentObject: {fileID: 0}
  m_PrefabInternal: {fileID: 100100000}
  m_GameObject: {fileID: 100030}
  m_Enabled: 1
  m_CastShadows: 0
  m_ReceiveShadows: 0
  m_LightmapIndex: 255
  m_LightmapTilingOffset: {x: 1, y: 1, z: 0, w: 0}
  m_Materials:
  - {fileID: 10754, guid: 0000000000000000e000000000000000, type: 0}
  m_SubsetIndices: 
  m_StaticBatchRoot: {fileID: 0}
  m_UseLightProbes: 0
  m_LightProbeAnchor: {fileID: 0}
  m_ScaleInLightmap: 1
  m_SortingLayerID: 1066335329
  m_SortingOrder: 2
  m_Sprite: {fileID: 21300000, guid: f2e5372db265c1747905119ec8b02b8a, type: 3}
  m_Color: {r: 1, g: 1, b: 1, a: 1}
--- !u!212 &21200032
SpriteRenderer:
  m_ObjectHideFlags: 1
  m_PrefabParentObject: {fileID: 0}
  m_PrefabInternal: {fileID: 100100000}
  m_GameObject: {fileID: 100032}
  m_Enabled: 1
  m_CastShadows: 0
  m_ReceiveShadows: 0
  m_LightmapIndex: 255
  m_LightmapTilingOffset: {x: 1, y: 1, z: 0, w: 0}
  m_Materials:
  - {fileID: 10754, guid: 0000000000000000e000000000000000, type: 0}
  m_SubsetIndices: 
  m_StaticBatchRoot: {fileID: 0}
  m_UseLightProbes: 0
  m_LightProbeAnchor: {fileID: 0}
  m_ScaleInLightmap: 1
  m_SortingLayerID: 1066335329
  m_SortingOrder: 4
  m_Sprite: {fileID: 21300000, guid: e3e75318352c65446afeb845ba4ea25c, type: 3}
  m_Color: {r: 1, g: 1, b: 1, a: 1}
--- !u!212 &21200034
SpriteRenderer:
  m_ObjectHideFlags: 1
  m_PrefabParentObject: {fileID: 0}
  m_PrefabInternal: {fileID: 100100000}
  m_GameObject: {fileID: 100034}
  m_Enabled: 1
  m_CastShadows: 0
  m_ReceiveShadows: 0
  m_LightmapIndex: 255
  m_LightmapTilingOffset: {x: 1, y: 1, z: 0, w: 0}
  m_Materials:
  - {fileID: 10754, guid: 0000000000000000e000000000000000, type: 0}
  m_SubsetIndices: 
  m_StaticBatchRoot: {fileID: 0}
  m_UseLightProbes: 0
  m_LightProbeAnchor: {fileID: 0}
  m_ScaleInLightmap: 1
  m_SortingLayerID: 1066335329
  m_SortingOrder: 8
  m_Sprite: {fileID: 21300000, guid: 048de2490f2ed194fa93a476e56f9507, type: 3}
  m_Color: {r: 1, g: 1, b: 1, a: 1}
--- !u!212 &21200036
SpriteRenderer:
  m_ObjectHideFlags: 1
  m_PrefabParentObject: {fileID: 0}
  m_PrefabInternal: {fileID: 100100000}
  m_GameObject: {fileID: 100036}
  m_Enabled: 1
  m_CastShadows: 0
  m_ReceiveShadows: 0
  m_LightmapIndex: 255
  m_LightmapTilingOffset: {x: 1, y: 1, z: 0, w: 0}
  m_Materials:
  - {fileID: 10754, guid: 0000000000000000e000000000000000, type: 0}
  m_SubsetIndices: 
  m_StaticBatchRoot: {fileID: 0}
  m_UseLightProbes: 0
  m_LightProbeAnchor: {fileID: 0}
  m_ScaleInLightmap: 1
  m_SortingLayerID: 1066335329
  m_SortingOrder: 8
  m_Sprite: {fileID: 21300000, guid: 048de2490f2ed194fa93a476e56f9507, type: 3}
  m_Color: {r: 1, g: 1, b: 1, a: 1}
--- !u!212 &21200038
SpriteRenderer:
  m_ObjectHideFlags: 1
  m_PrefabParentObject: {fileID: 0}
  m_PrefabInternal: {fileID: 100100000}
  m_GameObject: {fileID: 100040}
  m_Enabled: 1
  m_CastShadows: 0
  m_ReceiveShadows: 0
  m_LightmapIndex: 255
  m_LightmapTilingOffset: {x: 1, y: 1, z: 0, w: 0}
  m_Materials:
  - {fileID: 10754, guid: 0000000000000000e000000000000000, type: 0}
  m_SubsetIndices: 
  m_StaticBatchRoot: {fileID: 0}
  m_UseLightProbes: 0
  m_LightProbeAnchor: {fileID: 0}
  m_ScaleInLightmap: 1
  m_SortingLayerID: 1066335329
  m_SortingOrder: 6
  m_Sprite: {fileID: 21300000, guid: ccf7f5d7d39027a4ca8bbe095727eb7a, type: 3}
  m_Color: {r: 1, g: 1, b: 1, a: 1}
--- !u!1001 &100100000
Prefab:
  m_ObjectHideFlags: 1
  serializedVersion: 2
  m_Modification:
    m_TransformParent: {fileID: 0}
    m_Modifications: []
    m_RemovedComponents: []
  m_ParentPrefab: {fileID: 0}
  m_RootGameObject: {fileID: 100038}
  m_IsPrefabParent: 1
  m_IsExploded: 1
