%YAML 1.1
%TAG !u! tag:unity3d.com,2011:
--- !u!29 &1
SceneSettings:
  m_ObjectHideFlags: 0
  m_PVSData: 
  m_PVSObjectsArray: []
  m_PVSPortalsArray: []
  m_OcclusionBakeSettings:
    smallestOccluder: 5
    smallestHole: .25
    backfaceThreshold: 100
--- !u!104 &2
RenderSettings:
  m_Fog: 0
  m_FogColor: {r: .5, g: .5, b: .5, a: 1}
  m_FogMode: 3
  m_FogDensity: .00999999978
  m_LinearFogStart: 0
  m_LinearFogEnd: 300
  m_AmbientLight: {r: .200000003, g: .200000003, b: .200000003, a: 1}
  m_SkyboxMaterial: {fileID: 0}
  m_HaloStrength: .5
  m_FlareStrength: 1
  m_FlareFadeSpeed: 3
  m_HaloTexture: {fileID: 0}
  m_SpotCookie: {fileID: 0}
  m_ObjectHideFlags: 0
--- !u!127 &3
LevelGameManager:
  m_ObjectHideFlags: 0
--- !u!157 &4
LightmapSettings:
  m_ObjectHideFlags: 0
  m_LightProbes: {fileID: 0}
  m_Lightmaps: []
  m_LightmapsMode: 1
  m_BakedColorSpace: 0
  m_UseDualLightmapsInForward: 0
  m_LightmapEditorSettings:
    m_Resolution: 50
    m_LastUsedResolution: 0
    m_TextureWidth: 1024
    m_TextureHeight: 1024
    m_BounceBoost: 1
    m_BounceIntensity: 1
    m_SkyLightColor: {r: .860000014, g: .930000007, b: 1, a: 1}
    m_SkyLightIntensity: 0
    m_Quality: 0
    m_Bounces: 1
    m_FinalGatherRays: 1000
    m_FinalGatherContrastThreshold: .0500000007
    m_FinalGatherGradientThreshold: 0
    m_FinalGatherInterpolationPoints: 15
    m_AOAmount: 0
    m_AOMaxDistance: .100000001
    m_AOContrast: 1
    m_LODSurfaceMappingDistance: 1
    m_Padding: 0
    m_TextureCompression: 0
    m_LockAtlas: 0
--- !u!196 &5
NavMeshSettings:
  m_ObjectHideFlags: 0
  m_BuildSettings:
    agentRadius: .5
    agentHeight: 2
    agentSlope: 45
    agentClimb: .400000006
    ledgeDropHeight: 0
    maxJumpAcrossDistance: 0
    accuratePlacement: 0
    minRegionArea: 2
    widthInaccuracy: 16.666666
    heightInaccuracy: 10
    tileSizeHint: 0
  m_NavMesh: {fileID: 0}
--- !u!1001 &169571076
Prefab:
  m_ObjectHideFlags: 0
  serializedVersion: 2
  m_Modification:
    m_TransformParent: {fileID: 0}
    m_Modifications:
    - target: {fileID: 400000, guid: 0f2477559b17079419fd375c33e25ce5, type: 2}
      propertyPath: m_LocalPosition.x
      value: 286.434143
      objectReference: {fileID: 0}
    - target: {fileID: 400000, guid: 0f2477559b17079419fd375c33e25ce5, type: 2}
      propertyPath: m_LocalPosition.y
      value: 309.33551
      objectReference: {fileID: 0}
    - target: {fileID: 400000, guid: 0f2477559b17079419fd375c33e25ce5, type: 2}
      propertyPath: m_LocalPosition.z
      value: 17.6977158
      objectReference: {fileID: 0}
    - target: {fileID: 400000, guid: 0f2477559b17079419fd375c33e25ce5, type: 2}
      propertyPath: m_LocalRotation.x
      value: 0
      objectReference: {fileID: 0}
    - target: {fileID: 400000, guid: 0f2477559b17079419fd375c33e25ce5, type: 2}
      propertyPath: m_LocalRotation.y
      value: 0
      objectReference: {fileID: 0}
    - target: {fileID: 400000, guid: 0f2477559b17079419fd375c33e25ce5, type: 2}
      propertyPath: m_LocalRotation.z
      value: 0
      objectReference: {fileID: 0}
    - target: {fileID: 400000, guid: 0f2477559b17079419fd375c33e25ce5, type: 2}
      propertyPath: m_LocalRotation.w
      value: 1
      objectReference: {fileID: 0}
    - target: {fileID: 400000, guid: 0f2477559b17079419fd375c33e25ce5, type: 2}
      propertyPath: m_RootOrder
      value: 1
      objectReference: {fileID: 0}
    - target: {fileID: 100030, guid: 0f2477559b17079419fd375c33e25ce5, type: 2}
      propertyPath: m_IsActive
      value: 0
      objectReference: {fileID: 0}
    - target: {fileID: 100028, guid: 0f2477559b17079419fd375c33e25ce5, type: 2}
      propertyPath: m_IsActive
      value: 0
      objectReference: {fileID: 0}
    - target: {fileID: 100018, guid: 0f2477559b17079419fd375c33e25ce5, type: 2}
      propertyPath: m_IsActive
      value: 0
      objectReference: {fileID: 0}
    - target: {fileID: 100016, guid: 0f2477559b17079419fd375c33e25ce5, type: 2}
      propertyPath: m_IsActive
      value: 0
      objectReference: {fileID: 0}
    - target: {fileID: 100010, guid: 0f2477559b17079419fd375c33e25ce5, type: 2}
      propertyPath: m_IsActive
      value: 0
      objectReference: {fileID: 0}
    - target: {fileID: 100008, guid: 0f2477559b17079419fd375c33e25ce5, type: 2}
      propertyPath: m_IsActive
      value: 0
      objectReference: {fileID: 0}
    - target: {fileID: 100006, guid: 0f2477559b17079419fd375c33e25ce5, type: 2}
      propertyPath: m_IsActive
      value: 0
      objectReference: {fileID: 0}
    - target: {fileID: 100004, guid: 0f2477559b17079419fd375c33e25ce5, type: 2}
      propertyPath: m_IsActive
      value: 0
      objectReference: {fileID: 0}
    - target: {fileID: 400030, guid: 0f2477559b17079419fd375c33e25ce5, type: 2}
      propertyPath: m_LocalPosition.z
      value: -5.35080004
      objectReference: {fileID: 0}
    - target: {fileID: 400030, guid: 0f2477559b17079419fd375c33e25ce5, type: 2}
      propertyPath: m_LocalScale.x
      value: 2.02094126
      objectReference: {fileID: 0}
    - target: {fileID: 400030, guid: 0f2477559b17079419fd375c33e25ce5, type: 2}
      propertyPath: m_LocalScale.y
      value: 2.07146406
      objectReference: {fileID: 0}
    - target: {fileID: 400030, guid: 0f2477559b17079419fd375c33e25ce5, type: 2}
      propertyPath: m_LocalScale.z
      value: .661346555
      objectReference: {fileID: 0}
    - target: {fileID: 400028, guid: 0f2477559b17079419fd375c33e25ce5, type: 2}
      propertyPath: m_LocalPosition.z
      value: -5.35080004
      objectReference: {fileID: 0}
    - target: {fileID: 400028, guid: 0f2477559b17079419fd375c33e25ce5, type: 2}
      propertyPath: m_LocalScale.x
      value: 2.02094126
      objectReference: {fileID: 0}
    - target: {fileID: 400028, guid: 0f2477559b17079419fd375c33e25ce5, type: 2}
      propertyPath: m_LocalScale.y
      value: 2.07146406
      objectReference: {fileID: 0}
    - target: {fileID: 400028, guid: 0f2477559b17079419fd375c33e25ce5, type: 2}
      propertyPath: m_LocalScale.z
      value: .661346376
      objectReference: {fileID: 0}
    - target: {fileID: 400018, guid: 0f2477559b17079419fd375c33e25ce5, type: 2}
      propertyPath: m_LocalPosition.z
      value: -9.93939972
      objectReference: {fileID: 0}
    - target: {fileID: 400018, guid: 0f2477559b17079419fd375c33e25ce5, type: 2}
      propertyPath: m_LocalScale.x
      value: 2.00146127
      objectReference: {fileID: 0}
    - target: {fileID: 400018, guid: 0f2477559b17079419fd375c33e25ce5, type: 2}
      propertyPath: m_LocalScale.y
      value: 2.00146127
      objectReference: {fileID: 0}
    - target: {fileID: 400018, guid: 0f2477559b17079419fd375c33e25ce5, type: 2}
      propertyPath: m_LocalScale.z
      value: 1.25067866
      objectReference: {fileID: 0}
    - target: {fileID: 400016, guid: 0f2477559b17079419fd375c33e25ce5, type: 2}
      propertyPath: m_LocalPosition.z
      value: -9.93939972
      objectReference: {fileID: 0}
    - target: {fileID: 400016, guid: 0f2477559b17079419fd375c33e25ce5, type: 2}
      propertyPath: m_LocalScale.x
      value: 2.00146127
      objectReference: {fileID: 0}
    - target: {fileID: 400016, guid: 0f2477559b17079419fd375c33e25ce5, type: 2}
      propertyPath: m_LocalScale.y
      value: 2.00146127
      objectReference: {fileID: 0}
    - target: {fileID: 400016, guid: 0f2477559b17079419fd375c33e25ce5, type: 2}
      propertyPath: m_LocalScale.z
      value: 2.00146127
      objectReference: {fileID: 0}
    - target: {fileID: 400010, guid: 0f2477559b17079419fd375c33e25ce5, type: 2}
      propertyPath: m_LocalPosition.z
      value: -9.93939972
      objectReference: {fileID: 0}
    - target: {fileID: 400010, guid: 0f2477559b17079419fd375c33e25ce5, type: 2}
      propertyPath: m_LocalScale.x
      value: 2.00146127
      objectReference: {fileID: 0}
    - target: {fileID: 400010, guid: 0f2477559b17079419fd375c33e25ce5, type: 2}
      propertyPath: m_LocalScale.y
      value: 2.00146127
      objectReference: {fileID: 0}
    - target: {fileID: 400010, guid: 0f2477559b17079419fd375c33e25ce5, type: 2}
      propertyPath: m_LocalScale.z
      value: 2.00146127
      objectReference: {fileID: 0}
    - target: {fileID: 400008, guid: 0f2477559b17079419fd375c33e25ce5, type: 2}
      propertyPath: m_LocalPosition.x
      value: -286.779999
      objectReference: {fileID: 0}
    - target: {fileID: 400008, guid: 0f2477559b17079419fd375c33e25ce5, type: 2}
      propertyPath: m_LocalPosition.z
      value: -9.93939972
      objectReference: {fileID: 0}
    - target: {fileID: 400008, guid: 0f2477559b17079419fd375c33e25ce5, type: 2}
      propertyPath: m_LocalScale.x
      value: .997440159
      objectReference: {fileID: 0}
    - target: {fileID: 400008, guid: 0f2477559b17079419fd375c33e25ce5, type: 2}
      propertyPath: m_LocalScale.y
      value: .9974401
      objectReference: {fileID: 0}
    - target: {fileID: 400008, guid: 0f2477559b17079419fd375c33e25ce5, type: 2}
      propertyPath: m_LocalScale.z
      value: .9974401
      objectReference: {fileID: 0}
    - target: {fileID: 400006, guid: 0f2477559b17079419fd375c33e25ce5, type: 2}
      propertyPath: m_LocalPosition.z
      value: -9.93939972
      objectReference: {fileID: 0}
    - target: {fileID: 400006, guid: 0f2477559b17079419fd375c33e25ce5, type: 2}
      propertyPath: m_LocalScale.x
      value: 2.00146127
      objectReference: {fileID: 0}
    - target: {fileID: 400006, guid: 0f2477559b17079419fd375c33e25ce5, type: 2}
      propertyPath: m_LocalScale.y
      value: 2.00146127
      objectReference: {fileID: 0}
    - target: {fileID: 400006, guid: 0f2477559b17079419fd375c33e25ce5, type: 2}
      propertyPath: m_LocalScale.z
      value: 2.00146127
      objectReference: {fileID: 0}
    - target: {fileID: 400004, guid: 0f2477559b17079419fd375c33e25ce5, type: 2}
      propertyPath: m_LocalPosition.x
      value: -286.779999
      objectReference: {fileID: 0}
    - target: {fileID: 400004, guid: 0f2477559b17079419fd375c33e25ce5, type: 2}
      propertyPath: m_LocalPosition.z
      value: -9.93939972
      objectReference: {fileID: 0}
    - target: {fileID: 400004, guid: 0f2477559b17079419fd375c33e25ce5, type: 2}
      propertyPath: m_LocalScale.x
      value: .997440219
      objectReference: {fileID: 0}
    - target: {fileID: 400004, guid: 0f2477559b17079419fd375c33e25ce5, type: 2}
      propertyPath: m_LocalScale.y
      value: 1.02237654
      objectReference: {fileID: 0}
    - target: {fileID: 400004, guid: 0f2477559b17079419fd375c33e25ce5, type: 2}
      propertyPath: m_LocalScale.z
      value: .997440457
      objectReference: {fileID: 0}
    - target: {fileID: 400008, guid: 0f2477559b17079419fd375c33e25ce5, type: 2}
      propertyPath: m_LocalPosition.y
      value: -309.399994
      objectReference: {fileID: 0}
    - target: {fileID: 400004, guid: 0f2477559b17079419fd375c33e25ce5, type: 2}
      propertyPath: m_LocalPosition.y
      value: -309.399994
      objectReference: {fileID: 0}
    - target: {fileID: 400006, guid: 0f2477559b17079419fd375c33e25ce5, type: 2}
      propertyPath: m_LocalPosition.y
      value: -309.420013
      objectReference: {fileID: 0}
    - target: {fileID: 400030, guid: 0f2477559b17079419fd375c33e25ce5, type: 2}
      propertyPath: m_LocalPosition.x
      value: -286.940002
      objectReference: {fileID: 0}
    - target: {fileID: 400028, guid: 0f2477559b17079419fd375c33e25ce5, type: 2}
      propertyPath: m_LocalPosition.x
      value: -286.940002
      objectReference: {fileID: 0}
    - target: {fileID: 400018, guid: 0f2477559b17079419fd375c33e25ce5, type: 2}
      propertyPath: m_LocalPosition.x
      value: -286.940002
      objectReference: {fileID: 0}
    - target: {fileID: 400016, guid: 0f2477559b17079419fd375c33e25ce5, type: 2}
      propertyPath: m_LocalPosition.x
      value: -286.940002
      objectReference: {fileID: 0}
    - target: {fileID: 400010, guid: 0f2477559b17079419fd375c33e25ce5, type: 2}
      propertyPath: m_LocalPosition.x
      value: -286.940002
      objectReference: {fileID: 0}
    - target: {fileID: 400006, guid: 0f2477559b17079419fd375c33e25ce5, type: 2}
      propertyPath: m_LocalPosition.x
      value: -286.940002
      objectReference: {fileID: 0}
    - target: {fileID: 400030, guid: 0f2477559b17079419fd375c33e25ce5, type: 2}
      propertyPath: m_LocalPosition.y
      value: -309.480011
      objectReference: {fileID: 0}
    - target: {fileID: 400028, guid: 0f2477559b17079419fd375c33e25ce5, type: 2}
      propertyPath: m_LocalPosition.y
      value: -309.480011
      objectReference: {fileID: 0}
    - target: {fileID: 400018, guid: 0f2477559b17079419fd375c33e25ce5, type: 2}
      propertyPath: m_LocalPosition.y
      value: -309.480011
      objectReference: {fileID: 0}
    - target: {fileID: 400016, guid: 0f2477559b17079419fd375c33e25ce5, type: 2}
      propertyPath: m_LocalPosition.y
      value: -309.480011
      objectReference: {fileID: 0}
    - target: {fileID: 400010, guid: 0f2477559b17079419fd375c33e25ce5, type: 2}
      propertyPath: m_LocalPosition.y
      value: -309.480011
      objectReference: {fileID: 0}
    m_RemovedComponents: []
  m_ParentPrefab: {fileID: 100100000, guid: 0f2477559b17079419fd375c33e25ce5, type: 2}
  m_RootGameObject: {fileID: 1218324746}
  m_IsPrefabParent: 0
  m_IsExploded: 1
--- !u!1 &364458831
GameObject:
  m_ObjectHideFlags: 0
  m_PrefabParentObject: {fileID: 100010, guid: 0f2477559b17079419fd375c33e25ce5, type: 2}
  m_PrefabInternal: {fileID: 169571076}
  serializedVersion: 4
  m_Component:
  - 4: {fileID: 364458833}
  - 212: {fileID: 364458832}
  m_Layer: 0
  m_Name: loading-mo
  m_TagString: Untagged
  m_Icon: {fileID: 0}
  m_NavMeshLayer: 0
  m_StaticEditorFlags: 0
  m_IsActive: 0
--- !u!212 &364458832
SpriteRenderer:
  m_ObjectHideFlags: 0
  m_PrefabParentObject: {fileID: 21200008, guid: 0f2477559b17079419fd375c33e25ce5,
    type: 2}
  m_PrefabInternal: {fileID: 169571076}
  m_GameObject: {fileID: 364458831}
  m_Enabled: 1
  m_CastShadows: 0
  m_ReceiveShadows: 0
  m_LightmapIndex: 255
  m_LightmapTilingOffset: {x: 1, y: 1, z: 0, w: 0}
  m_Materials:
  - {fileID: 10754, guid: 0000000000000000e000000000000000, type: 0}
  m_SubsetIndices: 
  m_StaticBatchRoot: {fileID: 0}
  m_UseLightProbes: 0
  m_LightProbeAnchor: {fileID: 0}
  m_ScaleInLightmap: 1
  m_SortingLayerID: 644396647
  m_SortingOrder: 0
  m_Sprite: {fileID: 21300000, guid: d7614a5a3b2bafc41b33ad942e4fc307, type: 3}
  m_Color: {r: 1, g: 1, b: 1, a: 1}
--- !u!4 &364458833
Transform:
  m_ObjectHideFlags: 0
  m_PrefabParentObject: {fileID: 400010, guid: 0f2477559b17079419fd375c33e25ce5, type: 2}
  m_PrefabInternal: {fileID: 169571076}
  m_GameObject: {fileID: 364458831}
  m_LocalRotation: {x: 0, y: 0, z: 0, w: 1}
  m_LocalPosition: {x: -286.940002, y: -309.480011, z: -9.93939972}
  m_LocalScale: {x: 2.00146127, y: 2.00146127, z: 2.00146127}
  m_Children:
  - {fileID: 1459269532}
  m_Father: {fileID: 1218324747}
  m_RootOrder: 3
--- !u!1 &484489415
GameObject:
  m_ObjectHideFlags: 0
  m_PrefabParentObject: {fileID: 100024, guid: 0f2477559b17079419fd375c33e25ce5, type: 2}
  m_PrefabInternal: {fileID: 169571076}
  serializedVersion: 4
  m_Component:
  - 4: {fileID: 484489416}
  - 212: {fileID: 484489418}
  - 95: {fileID: 484489417}
  m_Layer: 0
  m_Name: loading_0
  m_TagString: Untagged
  m_Icon: {fileID: 0}
  m_NavMeshLayer: 0
  m_StaticEditorFlags: 0
  m_IsActive: 1
--- !u!4 &484489416
Transform:
  m_ObjectHideFlags: 0
  m_PrefabParentObject: {fileID: 400024, guid: 0f2477559b17079419fd375c33e25ce5, type: 2}
  m_PrefabInternal: {fileID: 169571076}
  m_GameObject: {fileID: 484489415}
  m_LocalRotation: {x: 0, y: 0, z: 0, w: 1}
  m_LocalPosition: {x: 1.6139046, y: -1.97109926, z: 1}
  m_LocalScale: {x: .528845906, y: .53891933, z: .707332313}
  m_Children: []
  m_Father: {fileID: 1651382820}
  m_RootOrder: 0
--- !u!95 &484489417
Animator:
  serializedVersion: 3
  m_ObjectHideFlags: 0
  m_PrefabParentObject: {fileID: 9500010, guid: 0f2477559b17079419fd375c33e25ce5,
    type: 2}
  m_PrefabInternal: {fileID: 169571076}
  m_GameObject: {fileID: 484489415}
  m_Enabled: 1
  m_Avatar: {fileID: 0}
  m_Controller: {fileID: 9100000, guid: eb1fa46cd3728304885a523641f27f56, type: 2}
  m_CullingMode: 0
  m_UpdateMode: 2
  m_ApplyRootMotion: 1
  m_HasTransformHierarchy: 1
  m_AllowConstantClipSamplingOptimization: 1
--- !u!212 &484489418
SpriteRenderer:
  m_ObjectHideFlags: 0
  m_PrefabParentObject: {fileID: 21200022, guid: 0f2477559b17079419fd375c33e25ce5,
    type: 2}
  m_PrefabInternal: {fileID: 169571076}
  m_GameObject: {fileID: 484489415}
  m_Enabled: 1
  m_CastShadows: 0
  m_ReceiveShadows: 0
  m_LightmapIndex: 255
  m_LightmapTilingOffset: {x: 1, y: 1, z: 0, w: 0}
  m_Materials:
  - {fileID: 10754, guid: 0000000000000000e000000000000000, type: 0}
  m_SubsetIndices: 
  m_StaticBatchRoot: {fileID: 0}
  m_UseLightProbes: 0
  m_LightProbeAnchor: {fileID: 0}
  m_ScaleInLightmap: 1
  m_SortingLayerID: 644396647
  m_SortingOrder: 1000
  m_Sprite: {fileID: 21300000, guid: 5b9578eefa3a9ac408f20e569da89ba6, type: 3}
  m_Color: {r: 1, g: 1, b: 1, a: 1}
--- !u!1 &550196108
GameObject:
  m_ObjectHideFlags: 0
  m_PrefabParentObject: {fileID: 100028, guid: 0f2477559b17079419fd375c33e25ce5, type: 2}
  m_PrefabInternal: {fileID: 169571076}
  serializedVersion: 4
  m_Component:
  - 4: {fileID: 550196109}
  - 212: {fileID: 550196110}
  m_Layer: 0
  m_Name: loading-eg
  m_TagString: Untagged
  m_Icon: {fileID: 0}
  m_NavMeshLayer: 0
  m_StaticEditorFlags: 0
  m_IsActive: 0
--- !u!4 &550196109
Transform:
  m_ObjectHideFlags: 0
  m_PrefabParentObject: {fileID: 400028, guid: 0f2477559b17079419fd375c33e25ce5, type: 2}
  m_PrefabInternal: {fileID: 169571076}
  m_GameObject: {fileID: 550196108}
  m_LocalRotation: {x: 0, y: 0, z: 0, w: 1}
  m_LocalPosition: {x: -286.940002, y: -309.480011, z: -5.35080004}
  m_LocalScale: {x: 2.02094126, y: 2.07146406, z: .661346376}
  m_Children:
  - {fileID: 1157319382}
  m_Father: {fileID: 1218324747}
  m_RootOrder: 5
--- !u!212 &550196110
SpriteRenderer:
  m_ObjectHideFlags: 0
  m_PrefabParentObject: {fileID: 21200026, guid: 0f2477559b17079419fd375c33e25ce5,
    type: 2}
  m_PrefabInternal: {fileID: 169571076}
  m_GameObject: {fileID: 550196108}
  m_Enabled: 1
  m_CastShadows: 0
  m_ReceiveShadows: 0
  m_LightmapIndex: 255
  m_LightmapTilingOffset: {x: 1, y: 1, z: 0, w: 0}
  m_Materials:
  - {fileID: 10754, guid: 0000000000000000e000000000000000, type: 0}
  m_SubsetIndices: 
  m_StaticBatchRoot: {fileID: 0}
  m_UseLightProbes: 0
  m_LightProbeAnchor: {fileID: 0}
  m_ScaleInLightmap: 1
  m_SortingLayerID: 644396647
  m_SortingOrder: 0
  m_Sprite: {fileID: 21300000, guid: f3aa95f59db26ec46b98c2f50588bd60, type: 3}
  m_Color: {r: 1, g: 1, b: 1, a: 1}
--- !u!1 &567526104
GameObject:
  m_ObjectHideFlags: 0
  m_PrefabParentObject: {fileID: 100018, guid: 0f2477559b17079419fd375c33e25ce5, type: 2}
  m_PrefabInternal: {fileID: 169571076}
  serializedVersion: 4
  m_Component:
  - 4: {fileID: 567526105}
  - 212: {fileID: 567526106}
  m_Layer: 0
  m_Name: loading-af
  m_TagString: Untagged
  m_Icon: {fileID: 0}
  m_NavMeshLayer: 0
  m_StaticEditorFlags: 0
  m_IsActive: 0
--- !u!4 &567526105
Transform:
  m_ObjectHideFlags: 0
  m_PrefabParentObject: {fileID: 400018, guid: 0f2477559b17079419fd375c33e25ce5, type: 2}
  m_PrefabInternal: {fileID: 169571076}
  m_GameObject: {fileID: 567526104}
  m_LocalRotation: {x: 0, y: 0, z: 0, w: 1}
  m_LocalPosition: {x: -286.940002, y: -309.480011, z: -9.93939972}
  m_LocalScale: {x: 2.00146127, y: 2.00146127, z: 1.25067866}
  m_Children:
  - {fileID: 1361155434}
  m_Father: {fileID: 1218324747}
  m_RootOrder: 2
--- !u!212 &567526106
SpriteRenderer:
  m_ObjectHideFlags: 0
  m_PrefabParentObject: {fileID: 21200016, guid: 0f2477559b17079419fd375c33e25ce5,
    type: 2}
  m_PrefabInternal: {fileID: 169571076}
  m_GameObject: {fileID: 567526104}
  m_Enabled: 1
  m_CastShadows: 0
  m_ReceiveShadows: 0
  m_LightmapIndex: 255
  m_LightmapTilingOffset: {x: 1, y: 1, z: 0, w: 0}
  m_Materials:
  - {fileID: 10754, guid: 0000000000000000e000000000000000, type: 0}
  m_SubsetIndices: 
  m_StaticBatchRoot: {fileID: 0}
  m_UseLightProbes: 0
  m_LightProbeAnchor: {fileID: 0}
  m_ScaleInLightmap: 1
  m_SortingLayerID: 644396647
  m_SortingOrder: 0
  m_Sprite: {fileID: 21300000, guid: d8e6cc0a5fb5f1240bf8d16607d5bbca, type: 3}
  m_Color: {r: 1, g: 1, b: 1, a: 1}
--- !u!1 &635512595
GameObject:
  m_ObjectHideFlags: 0
  m_PrefabParentObject: {fileID: 100032, guid: 0f2477559b17079419fd375c33e25ce5, type: 2}
  m_PrefabInternal: {fileID: 169571076}
  serializedVersion: 4
  m_Component:
  - 4: {fileID: 635512596}
  - 212: {fileID: 635512598}
  - 95: {fileID: 635512597}
  m_Layer: 0
  m_Name: loading_0
  m_TagString: Untagged
  m_Icon: {fileID: 0}
  m_NavMeshLayer: 0
  m_StaticEditorFlags: 0
  m_IsActive: 1
--- !u!4 &635512596
Transform:
  m_ObjectHideFlags: 0
  m_PrefabParentObject: {fileID: 400032, guid: 0f2477559b17079419fd375c33e25ce5, type: 2}
  m_PrefabInternal: {fileID: 169571076}
  m_GameObject: {fileID: 635512595}
  m_LocalRotation: {x: 0, y: 0, z: 0, w: 1}
  m_LocalPosition: {x: 1.6139046, y: -1.97109926, z: .97457999}
  m_LocalScale: {x: .528845906, y: .53891921, z: .689351916}
  m_Children: []
  m_Father: {fileID: 1598834758}
  m_RootOrder: 0
--- !u!95 &635512597
Animator:
  serializedVersion: 3
  m_ObjectHideFlags: 0
  m_PrefabParentObject: {fileID: 9500014, guid: 0f2477559b17079419fd375c33e25ce5,
    type: 2}
  m_PrefabInternal: {fileID: 169571076}
  m_GameObject: {fileID: 635512595}
  m_Enabled: 1
  m_Avatar: {fileID: 0}
  m_Controller: {fileID: 9100000, guid: eb1fa46cd3728304885a523641f27f56, type: 2}
  m_CullingMode: 0
  m_UpdateMode: 2
  m_ApplyRootMotion: 1
  m_HasTransformHierarchy: 1
  m_AllowConstantClipSamplingOptimization: 1
--- !u!212 &635512598
SpriteRenderer:
  m_ObjectHideFlags: 0
  m_PrefabParentObject: {fileID: 21200030, guid: 0f2477559b17079419fd375c33e25ce5,
    type: 2}
  m_PrefabInternal: {fileID: 169571076}
  m_GameObject: {fileID: 635512595}
  m_Enabled: 1
  m_CastShadows: 0
  m_ReceiveShadows: 0
  m_LightmapIndex: 255
  m_LightmapTilingOffset: {x: 1, y: 1, z: 0, w: 0}
  m_Materials:
  - {fileID: 10754, guid: 0000000000000000e000000000000000, type: 0}
  m_SubsetIndices: 
  m_StaticBatchRoot: {fileID: 0}
  m_UseLightProbes: 0
  m_LightProbeAnchor: {fileID: 0}
  m_ScaleInLightmap: 1
  m_SortingLayerID: 644396647
  m_SortingOrder: 1000
  m_Sprite: {fileID: 21300000, guid: 5b9578eefa3a9ac408f20e569da89ba6, type: 3}
  m_Color: {r: 1, g: 1, b: 1, a: 1}
--- !u!1 &815123959
GameObject:
  m_ObjectHideFlags: 0
  m_PrefabParentObject: {fileID: 100004, guid: 0f2477559b17079419fd375c33e25ce5, type: 2}
  m_PrefabInternal: {fileID: 169571076}
  serializedVersion: 4
  m_Component:
  - 4: {fileID: 815123960}
  - 212: {fileID: 815123961}
  m_Layer: 0
  m_Name: loading-ny
  m_TagString: Untagged
  m_Icon: {fileID: 0}
  m_NavMeshLayer: 0
  m_StaticEditorFlags: 0
  m_IsActive: 0
--- !u!4 &815123960
Transform:
  m_ObjectHideFlags: 0
  m_PrefabParentObject: {fileID: 400004, guid: 0f2477559b17079419fd375c33e25ce5, type: 2}
  m_PrefabInternal: {fileID: 169571076}
  m_GameObject: {fileID: 815123959}
  m_LocalRotation: {x: 0, y: 0, z: 0, w: 1}
  m_LocalPosition: {x: -286.779999, y: -309.399994, z: -9.93939972}
  m_LocalScale: {x: .997440219, y: 1.02237654, z: .997440457}
  m_Children:
  - {fileID: 2083794834}
  m_Father: {fileID: 1218324747}
  m_RootOrder: 0
--- !u!212 &815123961
SpriteRenderer:
  m_ObjectHideFlags: 0
  m_PrefabParentObject: {fileID: 21200002, guid: 0f2477559b17079419fd375c33e25ce5,
    type: 2}
  m_PrefabInternal: {fileID: 169571076}
  m_GameObject: {fileID: 815123959}
  m_Enabled: 1
  m_CastShadows: 0
  m_ReceiveShadows: 0
  m_LightmapIndex: 255
  m_LightmapTilingOffset: {x: 1, y: 1, z: 0, w: 0}
  m_Materials:
  - {fileID: 10754, guid: 0000000000000000e000000000000000, type: 0}
  m_SubsetIndices: 
  m_StaticBatchRoot: {fileID: 0}
  m_UseLightProbes: 0
  m_LightProbeAnchor: {fileID: 0}
  m_ScaleInLightmap: 1
  m_SortingLayerID: 644396647
  m_SortingOrder: 0
  m_Sprite: {fileID: 21300000, guid: a620b12a193d33241b25f277eb528e9e, type: 3}
  m_Color: {r: 1, g: 1, b: 1, a: 1}
--- !u!1 &1157319381
GameObject:
  m_ObjectHideFlags: 0
  m_PrefabParentObject: {fileID: 100026, guid: 0f2477559b17079419fd375c33e25ce5, type: 2}
  m_PrefabInternal: {fileID: 169571076}
  serializedVersion: 4
  m_Component:
  - 4: {fileID: 1157319382}
  - 212: {fileID: 1157319384}
  - 95: {fileID: 1157319383}
  m_Layer: 0
  m_Name: loading_0
  m_TagString: Untagged
  m_Icon: {fileID: 0}
  m_NavMeshLayer: 0
  m_StaticEditorFlags: 0
  m_IsActive: 1
--- !u!4 &1157319382
Transform:
  m_ObjectHideFlags: 0
  m_PrefabParentObject: {fileID: 400026, guid: 0f2477559b17079419fd375c33e25ce5, type: 2}
  m_PrefabInternal: {fileID: 169571076}
  m_GameObject: {fileID: 1157319381}
  m_LocalRotation: {x: 0, y: 0, z: 0, w: 1}
  m_LocalPosition: {x: 1.6139046, y: -1.97109926, z: .97457999}
  m_LocalScale: {x: .528845906, y: .53891921, z: .689351916}
  m_Children: []
  m_Father: {fileID: 550196109}
  m_RootOrder: 0
--- !u!95 &1157319383
Animator:
  serializedVersion: 3
  m_ObjectHideFlags: 0
  m_PrefabParentObject: {fileID: 9500012, guid: 0f2477559b17079419fd375c33e25ce5,
    type: 2}
  m_PrefabInternal: {fileID: 169571076}
  m_GameObject: {fileID: 1157319381}
  m_Enabled: 1
  m_Avatar: {fileID: 0}
  m_Controller: {fileID: 9100000, guid: eb1fa46cd3728304885a523641f27f56, type: 2}
  m_CullingMode: 0
  m_UpdateMode: 2
  m_ApplyRootMotion: 1
  m_HasTransformHierarchy: 1
  m_AllowConstantClipSamplingOptimization: 1
--- !u!212 &1157319384
SpriteRenderer:
  m_ObjectHideFlags: 0
  m_PrefabParentObject: {fileID: 21200024, guid: 0f2477559b17079419fd375c33e25ce5,
    type: 2}
  m_PrefabInternal: {fileID: 169571076}
  m_GameObject: {fileID: 1157319381}
  m_Enabled: 1
  m_CastShadows: 0
  m_ReceiveShadows: 0
  m_LightmapIndex: 255
  m_LightmapTilingOffset: {x: 1, y: 1, z: 0, w: 0}
  m_Materials:
  - {fileID: 10754, guid: 0000000000000000e000000000000000, type: 0}
  m_SubsetIndices: 
  m_StaticBatchRoot: {fileID: 0}
  m_UseLightProbes: 0
  m_LightProbeAnchor: {fileID: 0}
  m_ScaleInLightmap: 1
  m_SortingLayerID: 644396647
  m_SortingOrder: 1000
  m_Sprite: {fileID: 21300000, guid: 5b9578eefa3a9ac408f20e569da89ba6, type: 3}
  m_Color: {r: 1, g: 1, b: 1, a: 1}
--- !u!1 &1218324746
GameObject:
  m_ObjectHideFlags: 0
  m_PrefabParentObject: {fileID: 100000, guid: 0f2477559b17079419fd375c33e25ce5, type: 2}
  m_PrefabInternal: {fileID: 169571076}
  serializedVersion: 4
  m_Component:
  - 4: {fileID: 1218324747}
  m_Layer: 0
  m_Name: LoadingsDD
  m_TagString: Untagged
  m_Icon: {fileID: 0}
  m_NavMeshLayer: 0
  m_StaticEditorFlags: 0
  m_IsActive: 1
--- !u!4 &1218324747
Transform:
  m_ObjectHideFlags: 0
  m_PrefabParentObject: {fileID: 400000, guid: 0f2477559b17079419fd375c33e25ce5, type: 2}
  m_PrefabInternal: {fileID: 169571076}
  m_GameObject: {fileID: 1218324746}
  m_LocalRotation: {x: 0, y: 0, z: 0, w: 1}
  m_LocalPosition: {x: 286.434143, y: 309.33551, z: 17.6977158}
  m_LocalScale: {x: 1, y: 1, z: 1}
  m_Children:
  - {fileID: 815123960}
  - {fileID: 2020924570}
  - {fileID: 567526105}
  - {fileID: 364458833}
  - {fileID: 1651382820}
  - {fileID: 550196109}
  - {fileID: 1598834758}
  - {fileID: 1644654369}
  m_Father: {fileID: 0}
  m_RootOrder: 1
--- !u!1 &1361155433
GameObject:
  m_ObjectHideFlags: 0
  m_PrefabParentObject: {fileID: 100014, guid: 0f2477559b17079419fd375c33e25ce5, type: 2}
  m_PrefabInternal: {fileID: 169571076}
  serializedVersion: 4
  m_Component:
  - 4: {fileID: 1361155434}
  - 212: {fileID: 1361155436}
  - 95: {fileID: 1361155435}
  m_Layer: 0
  m_Name: loading_0
  m_TagString: Untagged
  m_Icon: {fileID: 0}
  m_NavMeshLayer: 0
  m_StaticEditorFlags: 0
  m_IsActive: 1
--- !u!4 &1361155434
Transform:
  m_ObjectHideFlags: 0
  m_PrefabParentObject: {fileID: 400014, guid: 0f2477559b17079419fd375c33e25ce5, type: 2}
  m_PrefabInternal: {fileID: 169571076}
  m_GameObject: {fileID: 1361155433}
  m_LocalRotation: {x: 0, y: 0, z: 0, w: 1}
  m_LocalPosition: {x: 1.67980134, y: -1.98619533, z: 0}
  m_LocalScale: {x: .592706382, y: .578250229, z: .592706442}
  m_Children: []
  m_Father: {fileID: 567526105}
  m_RootOrder: 0
--- !u!95 &1361155435
Animator:
  serializedVersion: 3
  m_ObjectHideFlags: 0
  m_PrefabParentObject: {fileID: 9500004, guid: 0f2477559b17079419fd375c33e25ce5,
    type: 2}
  m_PrefabInternal: {fileID: 169571076}
  m_GameObject: {fileID: 1361155433}
  m_Enabled: 1
  m_Avatar: {fileID: 0}
  m_Controller: {fileID: 9100000, guid: eb1fa46cd3728304885a523641f27f56, type: 2}
  m_CullingMode: 0
  m_UpdateMode: 2
  m_ApplyRootMotion: 1
  m_HasTransformHierarchy: 1
  m_AllowConstantClipSamplingOptimization: 1
--- !u!212 &1361155436
SpriteRenderer:
  m_ObjectHideFlags: 0
  m_PrefabParentObject: {fileID: 21200012, guid: 0f2477559b17079419fd375c33e25ce5,
    type: 2}
  m_PrefabInternal: {fileID: 169571076}
  m_GameObject: {fileID: 1361155433}
  m_Enabled: 1
  m_CastShadows: 0
  m_ReceiveShadows: 0
  m_LightmapIndex: 255
  m_LightmapTilingOffset: {x: 1, y: 1, z: 0, w: 0}
  m_Materials:
  - {fileID: 10754, guid: 0000000000000000e000000000000000, type: 0}
  m_SubsetIndices: 
  m_StaticBatchRoot: {fileID: 0}
  m_UseLightProbes: 0
  m_LightProbeAnchor: {fileID: 0}
  m_ScaleInLightmap: 1
  m_SortingLayerID: 644396647
  m_SortingOrder: 100
  m_Sprite: {fileID: 21300000, guid: 5b9578eefa3a9ac408f20e569da89ba6, type: 3}
  m_Color: {r: 1, g: 1, b: 1, a: 1}
--- !u!1 &1459269531
GameObject:
  m_ObjectHideFlags: 0
  m_PrefabParentObject: {fileID: 100002, guid: 0f2477559b17079419fd375c33e25ce5, type: 2}
  m_PrefabInternal: {fileID: 169571076}
  serializedVersion: 4
  m_Component:
  - 4: {fileID: 1459269532}
  - 212: {fileID: 1459269534}
  - 95: {fileID: 1459269533}
  m_Layer: 0
  m_Name: loading_0
  m_TagString: Untagged
  m_Icon: {fileID: 0}
  m_NavMeshLayer: 0
  m_StaticEditorFlags: 0
  m_IsActive: 1
--- !u!4 &1459269532
Transform:
  m_ObjectHideFlags: 0
  m_PrefabParentObject: {fileID: 400002, guid: 0f2477559b17079419fd375c33e25ce5, type: 2}
  m_PrefabInternal: {fileID: 169571076}
  m_GameObject: {fileID: 1459269531}
  m_LocalRotation: {x: 0, y: 0, z: 0, w: 1}
  m_LocalPosition: {x: 1.67980111, y: -1.98619533, z: 0}
  m_LocalScale: {x: .592706382, y: .578250229, z: .592706501}
  m_Children: []
  m_Father: {fileID: 364458833}
  m_RootOrder: 0
--- !u!95 &1459269533
Animator:
  serializedVersion: 3
  m_ObjectHideFlags: 0
  m_PrefabParentObject: {fileID: 9500000, guid: 0f2477559b17079419fd375c33e25ce5,
    type: 2}
  m_PrefabInternal: {fileID: 169571076}
  m_GameObject: {fileID: 1459269531}
  m_Enabled: 1
  m_Avatar: {fileID: 0}
  m_Controller: {fileID: 9100000, guid: eb1fa46cd3728304885a523641f27f56, type: 2}
  m_CullingMode: 0
  m_UpdateMode: 2
  m_ApplyRootMotion: 1
  m_HasTransformHierarchy: 1
  m_AllowConstantClipSamplingOptimization: 1
--- !u!212 &1459269534
SpriteRenderer:
  m_ObjectHideFlags: 0
  m_PrefabParentObject: {fileID: 21200000, guid: 0f2477559b17079419fd375c33e25ce5,
    type: 2}
  m_PrefabInternal: {fileID: 169571076}
  m_GameObject: {fileID: 1459269531}
  m_Enabled: 1
  m_CastShadows: 0
  m_ReceiveShadows: 0
  m_LightmapIndex: 255
  m_LightmapTilingOffset: {x: 1, y: 1, z: 0, w: 0}
  m_Materials:
  - {fileID: 10754, guid: 0000000000000000e000000000000000, type: 0}
  m_SubsetIndices: 
  m_StaticBatchRoot: {fileID: 0}
  m_UseLightProbes: 0
  m_LightProbeAnchor: {fileID: 0}
  m_ScaleInLightmap: 1
  m_SortingLayerID: 644396647
  m_SortingOrder: 100
  m_Sprite: {fileID: 21300000, guid: 5b9578eefa3a9ac408f20e569da89ba6, type: 3}
  m_Color: {r: 1, g: 1, b: 1, a: 1}
--- !u!1 &1598834757
GameObject:
  m_ObjectHideFlags: 0
  m_PrefabParentObject: {fileID: 100030, guid: 0f2477559b17079419fd375c33e25ce5, type: 2}
  m_PrefabInternal: {fileID: 169571076}
  serializedVersion: 4
  m_Component:
  - 4: {fileID: 1598834758}
  - 212: {fileID: 1598834759}
  m_Layer: 0
  m_Name: loading-ch
  m_TagString: Untagged
  m_Icon: {fileID: 0}
  m_NavMeshLayer: 0
  m_StaticEditorFlags: 0
  m_IsActive: 0
--- !u!4 &1598834758
Transform:
  m_ObjectHideFlags: 0
  m_PrefabParentObject: {fileID: 400030, guid: 0f2477559b17079419fd375c33e25ce5, type: 2}
  m_PrefabInternal: {fileID: 169571076}
  m_GameObject: {fileID: 1598834757}
  m_LocalRotation: {x: 0, y: 0, z: 0, w: 1}
  m_LocalPosition: {x: -286.940002, y: -309.480011, z: -5.35080004}
  m_LocalScale: {x: 2.02094126, y: 2.07146406, z: .661346555}
  m_Children:
  - {fileID: 635512596}
  m_Father: {fileID: 1218324747}
  m_RootOrder: 6
--- !u!212 &1598834759
SpriteRenderer:
  m_ObjectHideFlags: 0
  m_PrefabParentObject: {fileID: 21200028, guid: 0f2477559b17079419fd375c33e25ce5,
    type: 2}
  m_PrefabInternal: {fileID: 169571076}
  m_GameObject: {fileID: 1598834757}
  m_Enabled: 1
  m_CastShadows: 0
  m_ReceiveShadows: 0
  m_LightmapIndex: 255
  m_LightmapTilingOffset: {x: 1, y: 1, z: 0, w: 0}
  m_Materials:
  - {fileID: 10754, guid: 0000000000000000e000000000000000, type: 0}
  m_SubsetIndices: 
  m_StaticBatchRoot: {fileID: 0}
  m_UseLightProbes: 0
  m_LightProbeAnchor: {fileID: 0}
  m_ScaleInLightmap: 1
  m_SortingLayerID: 644396647
  m_SortingOrder: 0
  m_Sprite: {fileID: 21300000, guid: f1cfcc62cd7ec1843b2cf835d07faa44, type: 3}
  m_Color: {r: 1, g: 1, b: 1, a: 1}
--- !u!1 &1644654368
GameObject:
  m_ObjectHideFlags: 0
  m_PrefabParentObject: {fileID: 100006, guid: 0f2477559b17079419fd375c33e25ce5, type: 2}
  m_PrefabInternal: {fileID: 169571076}
  serializedVersion: 4
  m_Component:
  - 4: {fileID: 1644654369}
  - 212: {fileID: 1644654370}
  m_Layer: 0
  m_Name: loading-oc
  m_TagString: Untagged
  m_Icon: {fileID: 0}
  m_NavMeshLayer: 0
  m_StaticEditorFlags: 0
  m_IsActive: 0
--- !u!4 &1644654369
Transform:
  m_ObjectHideFlags: 0
  m_PrefabParentObject: {fileID: 400006, guid: 0f2477559b17079419fd375c33e25ce5, type: 2}
  m_PrefabInternal: {fileID: 169571076}
  m_GameObject: {fileID: 1644654368}
  m_LocalRotation: {x: 0, y: 0, z: 0, w: 1}
  m_LocalPosition: {x: -286.940002, y: -309.420013, z: -9.93939972}
  m_LocalScale: {x: 2.00146127, y: 2.00146127, z: 2.00146127}
  m_Children:
  - {fileID: 1905888745}
  m_Father: {fileID: 1218324747}
  m_RootOrder: 7
--- !u!212 &1644654370
SpriteRenderer:
  m_ObjectHideFlags: 0
  m_PrefabParentObject: {fileID: 21200004, guid: 0f2477559b17079419fd375c33e25ce5,
    type: 2}
  m_PrefabInternal: {fileID: 169571076}
  m_GameObject: {fileID: 1644654368}
  m_Enabled: 1
  m_CastShadows: 0
  m_ReceiveShadows: 0
  m_LightmapIndex: 255
  m_LightmapTilingOffset: {x: 1, y: 1, z: 0, w: 0}
  m_Materials:
  - {fileID: 10754, guid: 0000000000000000e000000000000000, type: 0}
  m_SubsetIndices: 
  m_StaticBatchRoot: {fileID: 0}
  m_UseLightProbes: 0
  m_LightProbeAnchor: {fileID: 0}
  m_ScaleInLightmap: 1
  m_SortingLayerID: 644396647
  m_SortingOrder: 0
  m_Sprite: {fileID: 21300000, guid: 4e57246e8f6405344a18c3382d8a2b70, type: 3}
  m_Color: {r: 1, g: 1, b: 1, a: 1}
--- !u!1 &1651382819
GameObject:
  m_ObjectHideFlags: 0
  m_PrefabParentObject: {fileID: 100016, guid: 0f2477559b17079419fd375c33e25ce5, type: 2}
  m_PrefabInternal: {fileID: 169571076}
  serializedVersion: 4
  m_Component:
  - 4: {fileID: 1651382820}
  - 212: {fileID: 1651382821}
  m_Layer: 0
  m_Name: loading-ic
  m_TagString: Untagged
  m_Icon: {fileID: 0}
  m_NavMeshLayer: 0
  m_StaticEditorFlags: 0
  m_IsActive: 0
--- !u!4 &1651382820
Transform:
  m_ObjectHideFlags: 0
  m_PrefabParentObject: {fileID: 400016, guid: 0f2477559b17079419fd375c33e25ce5, type: 2}
  m_PrefabInternal: {fileID: 169571076}
  m_GameObject: {fileID: 1651382819}
  m_LocalRotation: {x: 0, y: 0, z: 0, w: 1}
  m_LocalPosition: {x: -286.940002, y: -309.480011, z: -9.93939972}
  m_LocalScale: {x: 2.00146127, y: 2.00146127, z: 2.00146127}
  m_Children:
  - {fileID: 484489416}
  m_Father: {fileID: 1218324747}
  m_RootOrder: 4
--- !u!212 &1651382821
SpriteRenderer:
  m_ObjectHideFlags: 0
  m_PrefabParentObject: {fileID: 21200014, guid: 0f2477559b17079419fd375c33e25ce5,
    type: 2}
  m_PrefabInternal: {fileID: 169571076}
  m_GameObject: {fileID: 1651382819}
  m_Enabled: 1
  m_CastShadows: 0
  m_ReceiveShadows: 0
  m_LightmapIndex: 255
  m_LightmapTilingOffset: {x: 1, y: 1, z: 0, w: 0}
  m_Materials:
  - {fileID: 10754, guid: 0000000000000000e000000000000000, type: 0}
  m_SubsetIndices: 
  m_StaticBatchRoot: {fileID: 0}
  m_UseLightProbes: 0
  m_LightProbeAnchor: {fileID: 0}
  m_ScaleInLightmap: 1
  m_SortingLayerID: 644396647
  m_SortingOrder: 0
  m_Sprite: {fileID: 21300000, guid: f57fa88567d30b941a26d94f4dda87c7, type: 3}
  m_Color: {r: 1, g: 1, b: 1, a: 1}
--- !u!1 &1805881167
GameObject:
  m_ObjectHideFlags: 0
  m_PrefabParentObject: {fileID: 0}
  m_PrefabInternal: {fileID: 0}
  serializedVersion: 4
  m_Component:
  - 4: {fileID: 1805881173}
  - 20: {fileID: 1805881172}
  - 92: {fileID: 1805881171}
  - 124: {fileID: 1805881170}
  - 81: {fileID: 1805881169}
  - 114: {fileID: 1805881168}
  m_Layer: 0
  m_Name: Main Camera
  m_TagString: MainCamera
  m_Icon: {fileID: 0}
  m_NavMeshLayer: 0
  m_StaticEditorFlags: 0
  m_IsActive: 1
--- !u!114 &1805881168
MonoBehaviour:
  m_ObjectHideFlags: 0
  m_PrefabParentObject: {fileID: 0}
  m_PrefabInternal: {fileID: 0}
  m_GameObject: {fileID: 1805881167}
  m_Enabled: 1
  m_EditorHideFlags: 0
  m_Script: {fileID: 11500000, guid: 0df50f4bd85934f55a7eeed1895f4a94, type: 3}
  m_Name: 
  m_EditorClassIdentifier: 
  obj:
  - {fileID: 815123959}
  - {fileID: 2020924569}
  - {fileID: 567526104}
  - {fileID: 364458831}
  - {fileID: 1651382819}
  - {fileID: 550196108}
  - {fileID: 1598834757}
  - {fileID: 1644654368}
--- !u!81 &1805881169
AudioListener:
  m_ObjectHideFlags: 0
  m_PrefabParentObject: {fileID: 0}
  m_PrefabInternal: {fileID: 0}
  m_GameObject: {fileID: 1805881167}
  m_Enabled: 1
--- !u!124 &1805881170
Behaviour:
  m_ObjectHideFlags: 0
  m_PrefabParentObject: {fileID: 0}
  m_PrefabInternal: {fileID: 0}
  m_GameObject: {fileID: 1805881167}
  m_Enabled: 1
--- !u!92 &1805881171
Behaviour:
  m_ObjectHideFlags: 0
  m_PrefabParentObject: {fileID: 0}
  m_PrefabInternal: {fileID: 0}
  m_GameObject: {fileID: 1805881167}
  m_Enabled: 1
--- !u!20 &1805881172
Camera:
  m_ObjectHideFlags: 0
  m_PrefabParentObject: {fileID: 0}
  m_PrefabInternal: {fileID: 0}
  m_GameObject: {fileID: 1805881167}
  m_Enabled: 1
  serializedVersion: 2
  m_ClearFlags: 1
  m_BackGroundColor: {r: 0, g: 0, b: 0, a: .0196078438}
  m_NormalizedViewPortRect:
    serializedVersion: 2
    x: 0
    y: 0
    width: 1
    height: 1
  near clip plane: .300000012
  far clip plane: 1000
  field of view: 60
  orthographic: 1
  orthographic size: 5
  m_Depth: -1
  m_CullingMask:
    serializedVersion: 2
    m_Bits: 4294967295
  m_RenderingPath: -1
  m_TargetTexture: {fileID: 0}
  m_TargetDisplay: 0
  m_HDR: 0
  m_OcclusionCulling: 1
  m_StereoConvergence: 10
  m_StereoSeparation: .0219999999
--- !u!4 &1805881173
Transform:
  m_ObjectHideFlags: 0
  m_PrefabParentObject: {fileID: 0}
  m_PrefabInternal: {fileID: 0}
  m_GameObject: {fileID: 1805881167}
  m_LocalRotation: {x: 0, y: 0, z: 0, w: 1}
  m_LocalPosition: {x: 0, y: 0, z: -10}
  m_LocalScale: {x: 1, y: 1, z: 1}
  m_Children: []
  m_Father: {fileID: 0}
  m_RootOrder: 0
--- !u!1 &1859866472
GameObject:
  m_ObjectHideFlags: 0
  m_PrefabParentObject: {fileID: 100020, guid: 0f2477559b17079419fd375c33e25ce5, type: 2}
  m_PrefabInternal: {fileID: 169571076}
  serializedVersion: 4
  m_Component:
  - 4: {fileID: 1859866473}
  - 212: {fileID: 1859866475}
  - 95: {fileID: 1859866474}
  m_Layer: 0
  m_Name: loading_0
  m_TagString: Untagged
  m_Icon: {fileID: 0}
  m_NavMeshLayer: 0
  m_StaticEditorFlags: 0
  m_IsActive: 1
--- !u!4 &1859866473
Transform:
  m_ObjectHideFlags: 0
  m_PrefabParentObject: {fileID: 400020, guid: 0f2477559b17079419fd375c33e25ce5, type: 2}
  m_PrefabInternal: {fileID: 169571076}
  m_GameObject: {fileID: 1859866472}
  m_LocalRotation: {x: 0, y: 0, z: 0, w: 1}
  m_LocalPosition: {x: 3.12615967, y: -3.99245453, z: 0}
  m_LocalScale: {x: .967542887, y: .943944335, z: .967542946}
  m_Children: []
  m_Father: {fileID: 2020924570}
  m_RootOrder: 0
--- !u!95 &1859866474
Animator:
  serializedVersion: 3
  m_ObjectHideFlags: 0
  m_PrefabParentObject: {fileID: 9500006, guid: 0f2477559b17079419fd375c33e25ce5,
    type: 2}
  m_PrefabInternal: {fileID: 169571076}
  m_GameObject: {fileID: 1859866472}
  m_Enabled: 1
  m_Avatar: {fileID: 0}
  m_Controller: {fileID: 9100000, guid: eb1fa46cd3728304885a523641f27f56, type: 2}
  m_CullingMode: 0
  m_UpdateMode: 2
  m_ApplyRootMotion: 1
  m_HasTransformHierarchy: 1
  m_AllowConstantClipSamplingOptimization: 1
--- !u!212 &1859866475
SpriteRenderer:
  m_ObjectHideFlags: 0
  m_PrefabParentObject: {fileID: 21200018, guid: 0f2477559b17079419fd375c33e25ce5,
    type: 2}
  m_PrefabInternal: {fileID: 169571076}
  m_GameObject: {fileID: 1859866472}
  m_Enabled: 1
  m_CastShadows: 0
  m_ReceiveShadows: 0
  m_LightmapIndex: 255
  m_LightmapTilingOffset: {x: 1, y: 1, z: 0, w: 0}
  m_Materials:
  - {fileID: 10754, guid: 0000000000000000e000000000000000, type: 0}
  m_SubsetIndices: 
  m_StaticBatchRoot: {fileID: 0}
  m_UseLightProbes: 0
  m_LightProbeAnchor: {fileID: 0}
  m_ScaleInLightmap: 1
  m_SortingLayerID: 644396647
  m_SortingOrder: 100
  m_Sprite: {fileID: 21300000, guid: 5b9578eefa3a9ac408f20e569da89ba6, type: 3}
  m_Color: {r: 1, g: 1, b: 1, a: 1}
--- !u!1 &1905888744
GameObject:
  m_ObjectHideFlags: 0
  m_PrefabParentObject: {fileID: 100012, guid: 0f2477559b17079419fd375c33e25ce5, type: 2}
  m_PrefabInternal: {fileID: 169571076}
  serializedVersion: 4
  m_Component:
  - 4: {fileID: 1905888745}
  - 212: {fileID: 1905888747}
  - 95: {fileID: 1905888746}
  m_Layer: 0
  m_Name: loading_0
  m_TagString: Untagged
  m_Icon: {fileID: 0}
  m_NavMeshLayer: 0
  m_StaticEditorFlags: 0
  m_IsActive: 1
--- !u!4 &1905888745
Transform:
  m_ObjectHideFlags: 0
  m_PrefabParentObject: {fileID: 400012, guid: 0f2477559b17079419fd375c33e25ce5, type: 2}
  m_PrefabInternal: {fileID: 169571076}
  m_GameObject: {fileID: 1905888744}
  m_LocalRotation: {x: 0, y: 0, z: 0, w: 1}
  m_LocalPosition: {x: 1.6139046, y: -1.97109926, z: .97457999}
  m_LocalScale: {x: .528845906, y: .53891921, z: .689351916}
  m_Children: []
  m_Father: {fileID: 1644654369}
  m_RootOrder: 0
--- !u!95 &1905888746
Animator:
  serializedVersion: 3
  m_ObjectHideFlags: 0
  m_PrefabParentObject: {fileID: 9500002, guid: 0f2477559b17079419fd375c33e25ce5,
    type: 2}
  m_PrefabInternal: {fileID: 169571076}
  m_GameObject: {fileID: 1905888744}
  m_Enabled: 1
  m_Avatar: {fileID: 0}
  m_Controller: {fileID: 9100000, guid: eb1fa46cd3728304885a523641f27f56, type: 2}
  m_CullingMode: 0
  m_UpdateMode: 2
  m_ApplyRootMotion: 1
  m_HasTransformHierarchy: 1
  m_AllowConstantClipSamplingOptimization: 1
--- !u!212 &1905888747
SpriteRenderer:
  m_ObjectHideFlags: 0
  m_PrefabParentObject: {fileID: 21200010, guid: 0f2477559b17079419fd375c33e25ce5,
    type: 2}
  m_PrefabInternal: {fileID: 169571076}
  m_GameObject: {fileID: 1905888744}
  m_Enabled: 1
  m_CastShadows: 0
  m_ReceiveShadows: 0
  m_LightmapIndex: 255
  m_LightmapTilingOffset: {x: 1, y: 1, z: 0, w: 0}
  m_Materials:
  - {fileID: 10754, guid: 0000000000000000e000000000000000, type: 0}
  m_SubsetIndices: 
  m_StaticBatchRoot: {fileID: 0}
  m_UseLightProbes: 0
  m_LightProbeAnchor: {fileID: 0}
  m_ScaleInLightmap: 1
  m_SortingLayerID: 644396647
  m_SortingOrder: 1000
  m_Sprite: {fileID: 21300000, guid: 5b9578eefa3a9ac408f20e569da89ba6, type: 3}
  m_Color: {r: 1, g: 1, b: 1, a: 1}
--- !u!1 &2020924569
GameObject:
  m_ObjectHideFlags: 0
  m_PrefabParentObject: {fileID: 100008, guid: 0f2477559b17079419fd375c33e25ce5, type: 2}
  m_PrefabInternal: {fileID: 169571076}
  serializedVersion: 4
  m_Component:
  - 4: {fileID: 2020924570}
  - 212: {fileID: 2020924571}
  m_Layer: 0
  m_Name: loading-rj
  m_TagString: Untagged
  m_Icon: {fileID: 0}
  m_NavMeshLayer: 0
  m_StaticEditorFlags: 0
  m_IsActive: 0
--- !u!4 &2020924570
Transform:
  m_ObjectHideFlags: 0
  m_PrefabParentObject: {fileID: 400008, guid: 0f2477559b17079419fd375c33e25ce5, type: 2}
  m_PrefabInternal: {fileID: 169571076}
  m_GameObject: {fileID: 2020924569}
  m_LocalRotation: {x: 0, y: 0, z: 0, w: 1}
  m_LocalPosition: {x: -286.779999, y: -309.399994, z: -9.93939972}
  m_LocalScale: {x: .997440159, y: .9974401, z: .9974401}
  m_Children:
  - {fileID: 1859866473}
  m_Father: {fileID: 1218324747}
  m_RootOrder: 1
--- !u!212 &2020924571
SpriteRenderer:
  m_ObjectHideFlags: 0
  m_PrefabParentObject: {fileID: 21200006, guid: 0f2477559b17079419fd375c33e25ce5,
    type: 2}
  m_PrefabInternal: {fileID: 169571076}
  m_GameObject: {fileID: 2020924569}
  m_Enabled: 1
  m_CastShadows: 0
  m_ReceiveShadows: 0
  m_LightmapIndex: 255
  m_LightmapTilingOffset: {x: 1, y: 1, z: 0, w: 0}
  m_Materials:
  - {fileID: 10754, guid: 0000000000000000e000000000000000, type: 0}
  m_SubsetIndices: 
  m_StaticBatchRoot: {fileID: 0}
  m_UseLightProbes: 0
  m_LightProbeAnchor: {fileID: 0}
  m_ScaleInLightmap: 1
  m_SortingLayerID: 644396647
  m_SortingOrder: 0
  m_Sprite: {fileID: 21300000, guid: dffa1e06842a7d2498a9a7f28cd5aea2, type: 3}
  m_Color: {r: 1, g: 1, b: 1, a: 1}
--- !u!1 &2083794833
GameObject:
  m_ObjectHideFlags: 0
  m_PrefabParentObject: {fileID: 100022, guid: 0f2477559b17079419fd375c33e25ce5, type: 2}
  m_PrefabInternal: {fileID: 169571076}
  serializedVersion: 4
  m_Component:
  - 4: {fileID: 2083794834}
  - 212: {fileID: 2083794836}
  - 95: {fileID: 2083794835}
  m_Layer: 0
  m_Name: loading_0
  m_TagString: Untagged
  m_Icon: {fileID: 0}
  m_NavMeshLayer: 0
  m_StaticEditorFlags: 0
  m_IsActive: 1
--- !u!4 &2083794834
Transform:
  m_ObjectHideFlags: 0
  m_PrefabParentObject: {fileID: 400022, guid: 0f2477559b17079419fd375c33e25ce5, type: 2}
  m_PrefabInternal: {fileID: 169571076}
  m_GameObject: {fileID: 2083794833}
  m_LocalRotation: {x: 0, y: 0, z: 0, w: 1}
  m_LocalPosition: {x: 3.1261611, y: -3.99245214, z: 0}
  m_LocalScale: {x: .967542768, y: .943944335, z: .967542946}
  m_Children: []
  m_Father: {fileID: 815123960}
  m_RootOrder: 0
--- !u!95 &2083794835
Animator:
  serializedVersion: 3
  m_ObjectHideFlags: 0
  m_PrefabParentObject: {fileID: 9500008, guid: 0f2477559b17079419fd375c33e25ce5,
    type: 2}
  m_PrefabInternal: {fileID: 169571076}
  m_GameObject: {fileID: 2083794833}
  m_Enabled: 1
  m_Avatar: {fileID: 0}
  m_Controller: {fileID: 9100000, guid: eb1fa46cd3728304885a523641f27f56, type: 2}
  m_CullingMode: 0
  m_UpdateMode: 2
  m_ApplyRootMotion: 1
  m_HasTransformHierarchy: 1
  m_AllowConstantClipSamplingOptimization: 1
--- !u!212 &2083794836
SpriteRenderer:
  m_ObjectHideFlags: 0
  m_PrefabParentObject: {fileID: 21200020, guid: 0f2477559b17079419fd375c33e25ce5,
    type: 2}
  m_PrefabInternal: {fileID: 169571076}
  m_GameObject: {fileID: 2083794833}
  m_Enabled: 1
  m_CastShadows: 0
  m_ReceiveShadows: 0
  m_LightmapIndex: 255
  m_LightmapTilingOffset: {x: 1, y: 1, z: 0, w: 0}
  m_Materials:
  - {fileID: 10754, guid: 0000000000000000e000000000000000, type: 0}
  m_SubsetIndices: 
  m_StaticBatchRoot: {fileID: 0}
  m_UseLightProbes: 0
  m_LightProbeAnchor: {fileID: 0}
  m_ScaleInLightmap: 1
  m_SortingLayerID: 644396647
  m_SortingOrder: 100
  m_Sprite: {fileID: 21300000, guid: 5b9578eefa3a9ac408f20e569da89ba6, type: 3}
  m_Color: {r: 1, g: 1, b: 1, a: 1}
